1793 2851
768 153 1029 193 -3-

117 269 332 314 Boeckhio
351 269 397 313 in
417 283 567 324 corpus
586 268 906 323 inscriptionum
926 268 1177 312 Graecarum
1203 273 1390 324 receptos
1410 284 1496 312 esse
1515 270 1598 312 vol.
1619 270 1677 312 Π.

119 338 311 390 2166.e;
341 337 448 382 illud
471 341 620 387 tamen
650 340 760 383 certe
789 338 1059 392 mirabimur,
1090 353 1174 396 quo
1204 339 1363 384 factum
1392 339 1466 393 sit,
1497 341 1546 383 ut
1575 339 1679 385 haec
1723 336 1728 339 ’

117 409 334 465 inscriptio
347 442 351 448 .
364 409 582 466 Mytilenis
610 409 878 459 tribueretur.

235 479 416 524 Earinus
444 480 617 523 titulum
646 480 692 522 in
720 479 858 535 lapide
888 479 1143 535 insculptum
1172 483 1364 524 accurate
1394 479 1608 535 descripsit
1637 483 1680 524 et
1721 476 1731 483 ’

117 564 240 593 suum
279 550 571 608 apographum
609 565 705 596 cum
735 549 832 602 alio,
863 550 975 607 quod
1006 565 1031 593 a
1061 549 1236 607 Dionys.
1297 549 1539 606 Marcopulo
1553 584 1563 603 ‚
1594 566 1679 594 uno

118 635 170 664 ex
200 619 368 676 ephoris
404 620 583 673 „Musei“
619 621 779 665 factum
809 623 912 673 erat,
943 620 1135 663 contulit.

236 690 451 743 Videmus,
482 691 794 748 inscriptionem
823 691 869 734 in
889 690 1057 734 sinistra
1076 694 1195 747 parte
1215 691 1407 735 mutilam
1429 706 1538 743 esse;
1571 706 1679 747 quae

117 761 298 805 Earinus
326 761 388 804 ibi
416 761 638 817 supplevit,
668 762 822 817 partim
853 764 981 814 certa,
1011 761 1166 818 partim
1195 761 1429 817 probabilia
1458 765 1568 806 sunt.

238 831 347 874 Mihi
386 832 558 874 dubium
599 846 685 874 non
727 835 809 883 est,
853 831 955 887 quin
997 822 1144 874 titulus
1187 826 1472 889 ,,στοιχηδόν“
1503 833 1679 887 scriptus

117 901 230 958 sit⁸),
275 901 319 944 id
369 901 481 958 quod
531 916 583 945 ex
627 901 772 945 Earini
819 901 1062 957 apographo
1107 901 1246 944 nescio
1297 917 1380 958 quo
1400 950 1404 953 ¹
1426 905 1549 957 pacto
1594 917 1678 944 non

119 961 305 1028 apparet.
1338 985 1342 989 ’

237 1042 407 1088 Etenim
425 1043 461 1087 si
482 1045 640 1088 attente
659 1043 846 1100 singulos
865 1059 1006 1088 versus
1036 1042 1442 1096 consideraverimus,
1472 1043 1517 1087 in
1547 1043 1679 1100 pluri-

118 1114 198 1156 mis
217 1114 404 1157 versibus
424 1113 603 1157 tricenas
633 1113 754 1157 binas
784 1113 925 1156 literas
953 1114 1108 1170 positas
1138 1113 1409 1171 inveniemus.
1455 1113 1582 1157 Pauci
1605 1114 1678 1156 ad-

118 1185 290 1228 modum
319 1199 462 1227 versus
491 1199 543 1228 ex
572 1184 740 1228 tricenis
769 1184 946 1240 singulis
975 1185 1107 1228 literis
1137 1185 1353 1240 compositi
1383 1188 1493 1236 sunt,
1524 1199 1608 1239 qua
1634 1199 1679 1227 re

117 1255 211 1297 ideo
251 1268 336 1297 non
379 1253 585 1306 offendor,
629 1254 740 1310 quod
791 1253 835 1295 in
875 1254 967 1296 aliis
1007 1269 1173 1310 quoque
1214 1254 1348 1301 titulis
1392 1246 1678 1311 „ovocxvyddw

117 1325 283 1380 scriptis
320 1325 366 1367 in
402 1325 548 1367 dextra
585 1327 703 1379 parte
733 1339 874 1367 versus
904 1325 1027 1367 unius
1057 1324 1202 1367 literae
1232 1325 1366 1379 spatio
1396 1324 1679 1379 productiores

118 1394 185 1438 vel
204 1386 497 1450 reductiofes9)
530 1397 641 1437 sunt.
687 1394 841 1445 Quodsi
862 1395 911 1437 de
931 1394 1010 1437 hac
1030 1408 1075 1437 re
1102 1394 1155 1436 ab
1186 1394 1236 1436 iis
1267 1394 1451 1437 versibus
1481 1408 1678 1450 quaerere

118 1465 351 1517 ordiemur,
382 1465 456 1520 qui
485 1464 642 1520 integri
671 1465 822 1507 servati
853 1468 972 1516 sunt,
1011 1465 1126 1507 velut
1155 1480 1295 1508 versus
1327 1466 1422 1516 48.,
1455 1465 1526 1507 49.
1541 1497 1552 1516 ,
1582 1465 1678 1507 inde

118 1526 171 1578 ad
201 1535 304 1579 alios
335 1535 641 1592 aggrediemur,
672 1535 745 1590 qui
776 1538 886 1578 certe
915 1536 1095 1591 suppleti
1125 1539 1245 1588 sunt,
1278 1536 1391 1579 velut
1421 1550 1561 1579 versus
1592 1537 1677 1587 36„

120 1607 205 1657 37„
238 1607 325 1658 38„
356 1607 442 1658 39„
475 1607 562 1658 46.,
593 1607 680 1657 47„
703 1607 774 1648 50.
796 1605 963 1661 aliique,
985 1610 1193 1662 postremo
1214 1607 1317 1649 alios
1336 1606 1677 1657 examinabimus,

119 1676 171 1719 de
210 1676 363 1731 quibus
403 1676 474 1719 vix
517 1676 700 1719 dubitari
730 1679 888 1731 potest,
920 1678 1126 1733 sequitur,
1158 1679 1243 1721 fere
1273 1678 1466 1720 omnibus
1495 1677 1679 1720 versibus

119 1745 299 1788 tricenas
328 1746 449 1789 binas
479 1746 622 1789 literas
652 1746 870 1789 contineri.

240 1815 348 1859 Item
386 1816 535 1859 titulus
575 1816 620 1858 in
659 1816 825 1859 sinistro
865 1817 1015 1871 lapidis
1052 1818 1181 1860 latere
1211 1819 1363 1861 incisus
1395 1811 1678 1874 ,,στοιχηδόν“

119 1888 297 1944 scriptus
327 1891 402 1932 est.
448 1887 576 1932 Guius
605 1888 762 1944 priores
791 1904 932 1933 versus
963 1891 1019 1932 22
1051 1893 1139 1933 tam
1170 1890 1277 1934 male
1307 1891 1459 1934 servati
1489 1892 1600 1942 sunt,
1631 1892 1680 1932 ut

120 1960 192 2003 vix
221 1975 351 2002 unam
391 1959 458 2002 vel
488 1959 663 2002 alteram
692 1959 857 2004 literam
887 1960 1103 2004 enucleare
1146 1961 1288 2016 possis.
1351 1961 1483 2004 Gauer
1513 1961 1679 2016 quidem

121 2031 215 2074 illas
234 2031 375 2074 literas
395 2030 440 2073 in
467 2031 671 2074 vocabula
692 2032 895 2090 quaedam
925 2032 1113 2088 redigere
1143 2032 1401 2088 periclitatus
1430 2035 1505 2086 est,
1537 2046 1680 2074 verum

122 2101 344 2156 pristinum
385 2101 608 2144 verborum
649 2104 890 2145 contextum
931 2102 1078 2145 elicere
1121 2107 1205 2144 non
1246 2102 1396 2157 potuit.
1467 2102 1680 2152 Videmus,

122 2186 254 2229 paene
280 2171 474 2214 omnibus
504 2171 703 2225 versibus,
734 2172 807 2229 qui
837 2175 947 2216 certe
976 2173 1156 2228 suppleti
1186 2176 1296 2226 sunt,
1327 2173 1512 2216 undenas
1541 2172 1682 2215 literas

124 2241 342 2284 contineri.

242 2311 380 2356 Multa
419 2315 518 2355 sunt
556 2312 602 2356 in
633 2312 698 2355 his
738 2312 898 2356 duobus
927 2313 1062 2365 titulis
1076 2347 1086 2366 ,
1128 2329 1234 2370 quae
1265 2313 1495 2357 accuratius
1526 2313 1682 2356 exami-

124 2383 216 2425 nari
246 2385 449 2438 oporteat.
511 2382 592 2426 Sed
631 2396 798 2434 vereor,
839 2398 892 2426 ne
923 2383 1098 2440 longum
1127 2384 1182 2426 sit
1195 2416 1206 2436 ,
1236 2383 1270 2426 si
1301 2384 1394 2426 illas
1421 2383 1682 2439 quaestiones

244 2511 282 2555 8)
306 2512 349 2546 Id
373 2511 565 2548 Bechtelio
590 2522 736 2556 quoque
760 2512 939 2557 probatur
962 2513 987 2547 1.
1014 2513 1038 2548 l.
1064 2524 1150 2559 pag.
1179 2512 1258 2547 154.

246 2571 283 2617 9)
307 2571 527 2620 Exemplum
563 2571 742 2609 habemus
779 2571 820 2609 in
855 2571 924 2609 illa
958 2571 1200 2619 inscriptione
1236 2571 1484 2618 Mytilenaea,
1522 2584 1618 2620 quae
1641 2573 1682 2610 in

127 2644 226 2680 corp.
251 2632 276 2669 i.
301 2631 430 2668 Graec.
454 2643 555 2668 num.
581 2631 684 2667 2166.
710 2631 813 2668 edita
837 2633 904 2668 est.
952 2632 1057 2668 Idem
1080 2631 1121 2667 in
1145 2631 1220 2667 alio
1244 2631 1375 2675 titulo,
1400 2643 1511 2678 quem
1533 2632 1683 2670 Boeokh
1761 2660 1766 2662 -

128 2691 268 2728 ibidem
292 2701 445 2727 numero
470 2689 574 2727 2139.
599 2692 768 2726 notatum
796 2690 925 2734 edidit,
950 2690 1148 2727 invenitur.
