1793 2851
748 126 1030 167 -13-

115 253 368 309 regionibus,
398 254 443 296 in
463 254 614 311 quibus
644 255 730 298 cusi
749 255 847 315 sint,
877 255 1068 299 inveniri.
1127 254 1241 298 Nam
1270 257 1440 310 propter
1469 253 1667 309 pusillum

115 326 296 381 pretium
325 325 437 368 haud
467 326 527 368 ita
555 326 680 381 longe
710 326 966 368 disseminari
996 325 1198 369 solebant.

231 408 298 453 Ne
328 409 432 469 illud
453 409 619 465 quidem
649 409 956 466 neglegendum
986 413 1061 462 oet,
1092 410 1137 452 in
1167 410 1360 452 omnibus
1391 409 1456 452 his
1485 408 1667 452 nummis

115 479 322 535 Apollinis
352 483 477 534 caput
504 480 717 535 signatum
748 495 845 523 esse.
892 481 932 522 Is
962 494 1062 536 ergo
1082 480 1340 534 potissimum
1373 480 1483 534 apud
1511 480 1668 522 incolas

114 550 274 600 insulae
310 550 456 602 „Nesi“
494 550 787 605 colebatur11).

234 631 314 674 Sed
353 631 403 674 de
442 646 490 674 ea
520 646 564 674 re
594 634 737 686 postea
766 646 963 687 quaerere
993 631 1155 674 institui
1169 646 1185 684 3>
1220 646 1332 674 nunc
1375 634 1511 674 cetera
1550 631 1667 673 testi-

115 701 256 744 monia
269 734 279 753 ‚
317 701 467 757 quibus
507 717 659 745 nomen
699 702 812 763 illius
853 702 1012 744 insulae
1042 702 1325 753 confirmatur,
1355 701 1577 756 proferam.
1615 726 1661 731 —

115 772 171 814 A.
201 772 428 815 Kirchhoff
451 773 494 815 in
532 778 726 828 „corpore
755 773 1072 828 inscriptionum
1103 773 1362 816 Asticarum‘
1399 772 1434 814 Ι.
1465 786 1563 828 pag.
1598 773 1666 815 17.

115 857 230 885 num.
263 844 332 886 37.
363 843 539 898 triginta
568 843 804 899 fragmenta
833 842 946 885 tituli
966 836 1231 885 Atheniensis
1252 841 1478 897 descripsit,
1509 842 1554 883 in
1584 856 1668 897 quo

116 914 279 955 decreta
293 914 348 955 'de
368 913 536 955 tributis
566 914 771 956 sociorum
801 913 1039 955 ordinandis
1069 913 1276 967 insculpta
1306 915 1437 956 erant.
1489 912 1667 955 Additus

116 986 205 1026 erat
234 983 447 1039 catalogus
487 983 739 1027 tributorum
753 1017 764 1036 ‚
805 984 864 1026 ita
905 998 980 1039 per
1017 983 1250 1039 provincias
1280 982 1522 1038 dispositae,
1565 985 1614 1025 ut
1643 998 1676 1025 a

115 1054 283 1097 tributis
324 1055 610 1097 insulanorum
650 1055 818 1098 exordio
857 1056 967 1098 facto
1007 1055 1175 1097 tributis
1217 1055 1433 1097 civitatum
1463 1057 1505 1096 et
1534 1069 1668 1109 popu-

115 1124 252 1166 lorum
281 1124 484 1168 Thraciae
514 1126 819 1168 terminaretur.
879 1125 959 1167 nla
989 1126 1152 1168 decreta
1181 1124 1377 1180 Aegeidis
1405 1124 1539 1166 tribus
1569 1139 1669 1180 pry-

115 1195 231 1237 tania
251 1195 454 1238 Stratocle
479 1195 677 1238 archonte
707 1196 819 1238 facta
847 1199 945 1238 sunt
975 1199 1124 1251 quarto
1155 1210 1265 1237 anno
1295 1195 1569 1250 octogesimae
1598 1209 1668 1237 oc-

115 1268 235 1319 tavae
265 1266 535 1322 Olympiadis.
594 1266 710 1309 Inter
738 1267 813 1309 illa
842 1267 1078 1322 fragmenta
1106 1282 1237 1308 unum
1268 1269 1342 1318 ost,
1374 1266 1485 1321 quod
1515 1265 1669 1308 Kirch-

116 1336 208 1378 hoff
242 1337 364 1379 litera
405 1339 448 1378 z“
492 1338 655 1380 notavit
695 1336 809 1394 (pag.
842 1338 932 1393 20).
1013 1337 1064 1379 In
1104 1352 1152 1380 eo
1192 1337 1352 1379 tributa
1393 1336 1669 1391 complurium

117 1407 332 1449 civitatum
354 1407 732 1463 Hellespontiarum
753 1412 929 1460 exstant,
961 1408 1112 1464 quibus
1133 1408 1294 1463 aliquot
1322 1407 1444 1450 urboe
1477 1406 1668 1449 Aeolicae

70 1467 72 1469 ,
116 1477 399 1530 subiciuntur,
434 1477 555 1532 (vers.
591 1481 795 1535 12-15).
866 1479 917 1521 In
958 1495 1078 1522 versu
1121 1481 1173 1521 12
1217 1473 1451 1528 ,,Ἀκταῖαι
1489 1470 1667 1534 πόλεις’(

117 1547 339 1603 legendum
379 1552 453 1591 est.
515 1549 617 1592 Illae
659 1550 845 1593 civitates
887 1551 940 1592 ab
972 1549 1296 1600 Atheniensibus
1338 1548 1517 1591 secundo
1558 1561 1667 1589 anno

117 1619 391 1674 octogesimae
431 1624 600 1663 octavae
629 1621 884 1677 Olympiadis
913 1621 1157 1663 tributariae
1197 1620 1330 1662 factae
1360 1622 1470 1661 sunt.
1531 1619 1669 1661 Antea

116 1689 161 1730 in
201 1689 361 1732 dicione
391 1690 737 1746 Mytilenaeorum
779 1692 958 1734 fuerant.
1030 1690 1148 1732 Conf.
1180 1689 1370 1745 Thucyd.
1400 1689 1479 1730 ΠΙ.
1522 1690 1593 1731 50.
1626 1690 1667 1739 3,

118 1759 191 1813 qui
221 1759 323 1802 haec
354 1761 480 1803 verba
509 1761 634 1804 facit:

375 1879 386 1899 ‚
437 1881 446 1889 .
473 1882 481 1890 .
507 1867 516 1890 .‘
549 1847 797 1904 παρέλαβον
817 1847 867 1892 δὲ
886 1848 961 1891 καὶ
991 1847 1046 1890 τοὶ
1078 1846 1122 1890 ἒν
1152 1843 1318 1906 ἠπείρῳ
1349 1843 1599 1901 πολίσματα
1627 1842 1667 1887 οἱ

251 1914 508 1975 Ἀθηναῖοι,
562 1915 674 1961 ὅσων
730 1921 1017 1977 Μυτιληναῖοι
1067 1915 1270 1976 ἐκράτουν
1323 1917 1397 1961 καὶ
1450 1913 1668 1975 ὑπήκουον

257 1984 431 2043 ὕστερον
454 1985 742 2046 Ἀθηναίων.“

236 2077 381 2121 Altero
411 2078 666 2135 Thucydidis
695 2080 945 2132 testimonio,
977 2081 1088 2135 quod
1118 2083 1179 2122 est
1209 2080 1252 2121 in
1283 2080 1378 2121 libr.
1410 2080 1451 2121 4.
1473 2094 1563 2133 cap.
1596 2079 1666 2120 52.

118 2149 228 2191 idem
258 2150 551 2191 confirmatur:

378 2269 403 2288 ,‚
470 2271 479 2280 .
503 2272 512 2282 .
545 2236 619 2280 καὶ
659 2235 700 2279 οἱ
730 2236 1036 2296 Μυτιληναίων
1077 2232 1266 2296 φυγάδες
1306 2235 1381 2279 καὶ
1410 2238 1496 2279 τῶν
1526 2231 1668 2279 ἄλλων

257 2304 467 2361 Λεσβίων
497 2341 508 2350 .
533 2340 543 2349 .
569 2340 578 2349 .
611 2304 781 2364 αἱροῦσι
813 2304 1018 2352 Ῥοίτειον
1049 2343 1059 2353 .
1084 2342 1093 2351 .
1117 2340 1127 2350 .
1159 2305 1234 2349 καὶ
1276 2303 1386 2361 μετὰ
1422 2308 1550 2349 τοῦτο
1591 2303 1669 2349 ἐπὶ

255 2365 512 2433 Ἄνταῆδρον
562 2372 896 2433 στρατεύσαντες
938 2375 1177 2434 προδοσίας
1228 2377 1453 2435 γενομένης
1500 2373 1669 2431 λαμβά-

258 2460 378 2490 νουσι
406 2448 485 2506 τήν
524 2442 653 2490 πόλιν
693 2446 767 2491 καὶ
807 2440 858 2506 ἦν
898 2443 1038 2491 αὗτῶν
1076 2444 1105 2506 ἦ
1137 2442 1319 2499 διάνοια,
1351 2442 1431 2498 τάς
1460 2462 1507 2491 τε
1538 2441 1670 2499 ἶίλλας

259 2513 410 2569 πόλεις
440 2515 521 2569 τὰς
539 2514 748 2570 ,Ἀκταίας
767 2519 1046 2573 καλουμένας,
1068 2511 1121 2569 ἃς
1141 2512 1349 2574 πρότερον
1363 2516 1669 2575 Μυτιληναίων

241 2679 299 2723 11)
323 2681 369 2716 cf.
395 2681 529 2717 Strabo
554 2681 654 2716 XIII.
678 2680 758 2716 619.
785 2680 824 2717 G.
