1793 2851
775 126 1060 197 ..pfl-

254 252 369 298 Nam
409 254 456 298 in
485 253 774 312 etymologieis
803 254 968 312 antiqui
998 254 1112 298 haud
1153 255 1260 299 bene
1289 255 1440 299 versati
1471 257 1592 299 erant
1619 268 1697 298 nee

134 329 292 369 temere
319 325 371 368 iis
400 325 447 368 in
477 325 544 369 his
573 326 826 369 eredendum
854 325 997 382 estu).

255 396 411 447 Quodsi
439 396 582 439 omnia
610 396 811 440 memoria
840 395 1236 452 comprehendemus
1249 429 1259 448 ‚
1290 396 1381 439 fieri
1411 410 1497 439 non
1527 395 1696 451 poterit,

136 469 186 510 ut
204 466 455 519 dubitemus,
476 467 579 522 quin
599 466 783 522 antiquis
802 466 1059 521 temporibus
1078 466 1227 518 insula,
1249 481 1356 521 quae
1376 481 1487 509 nune
1509 461 1697 522 ,,Νησί“.,

136 540 310 580 vocatur
340 535 552 590 ,,Νῆσος“
584 537 795 592 appellata
824 537 891 579 sit.
925 561 979 567 —-
1159 579 1161 581 ,

254 604 367 650 Illud
406 606 575 663 quidem
605 606 785 651 concedo
799 639 809 659 ,
851 607 1003 649 dixerit
1031 606 1202 662 aliquiS,
1233 609 1277 649 at
1306 606 1457 659 miror,
1489 606 1697 650 neminem

136 681 325 722 veterum
353 677 604 733 scriptorum
633 677 746 720 illius
775 678 956 721 civitatis
985 677 1240 720 mentionem
1269 676 1419 721 faeere.

256 748 338 792 Sed
367 762 453 790 non
479 747 544 791 ita
574 751 657 799 est3
701 748 939 791 evolvamus
978 748 1102 791 modo
1133 747 1350 791 Strabonis
1390 747 1546 790 librum
1576 748 1696 791 XIII.

136 833 236 875 pag.
267 819 368 861 619.
399 817 466 868 A;
497 817 558 860 ibi
587 817 788 874 legimus:

399 932 409 942 .
433 932 444 943 .
477 895 662 955 πλησίον
692 897 742 942 δὲ
761 895 925 941 τούτων
946 900 1051 954 (τῶν
1067 895 1250 942 ‘Euenor
1271 893 1428 957 νήσων)
1459 895 1554 941 ἐστὶ
1574 896 1650 940 καὶ
1668 894 1695 957 ἡ

276 963 592 1027 Πορδοσελήνη,
625 963 765 1031 ,πόλιν
809 964 1036 1024 ὁμώνυμον
1065 966 1220 1023 ἔχουσα
1260 968 1306 1012 ἐν
1336 965 1445 1028 αὑτῇ
1462 983 1473 995 ·
1505 967 1580 1011 καὶ
1609 963 1697 1024 πρὸ

278 1039 355 1097 τῆς
385 1033 555 1090 πόλεως
584 1034 743 1097 ταύτης
774 1033 879 1097 ἶίλλη
909 1040 1037 1097 νῆσος
1067 1034 1195 1091 πόλις
1224 1037 1382 1094 μείζων
1419 1034 1551 1097 αὐτῆς
1581 1032 1695 1092 ὁμώ-

279 1124 421 1164 νυμος,
453 1105 623 1167 ἔρημος,
644 1106 768 1165 ’ἱερὸν
797 1106 919 1165 ἅγιον
948 1106 1104 1163 ἔχουσα
1123 1105 1398 1161 Ἀπόλλωνος
1419 1145 1429 1155 .
1453 1115 1494 1153 .“

256 1192 325 1236 Sic
355 1193 407 1239 in,
430 1194 624 1236 omnibus
653 1194 771 1237 libris
801 1209 929 1237 manu
949 1194 1114 1250 seriptis
1143 1194 1311 1250 legitur.
1358 1192 1572 1255 Videmus,
1603 1207 1696 1235 ver-

137 1264 286 1305 borum
329 1267 572 1306 contextum
618 1267 859 1319 corruptum
908 1279 1007 1307 esse.
1088 1263 1201 1306 Nam
1246 1264 1347 1319 quid
1390 1264 1494 1305 illud
1541 1262 1697 1319 ,,νῆσος

138 1326 297 1384 πόλις“
340 1334 420 1377 sibi
457 1335 581 1378 vult?
638 1333 706 1377 Ne
747 1334 789 1376 id
831 1334 999 1389 quidem
1040 1333 1281 1390 intellegere
1321 1348 1555 1389 pooeumuS‚
1596 1332 1697 1388 quid

138 1405 275 1448 verbis
306 1399 469 1461 ,,αὗτῆς
499 1399 754 1457 ὁμώνυμος·“,
784 1405 1055 1460 significetur.
1116 1404 1232 1446 Num
1262 1404 1372 1446 hane
1402 1404 1600 1446 maiorem
1630 1403 1696 1444 in-

137 1475 272 1518 sulam
302 1475 369 1518 vel
399 1475 546 1518 urbem
569 1468 951 1532 ,,Πορδοσελήνην“
984 1478 1025 1517 et
1055 1475 1187 1529 ipsam
1218 1474 1472 1529 appellatam
1502 1488 1587 1516 esse
1616 1487 1696 1527 pu-

135 1545 319 1588 tabimus
332 1546 353 1587 ¹?

254 1616 415 1667 Quibus
445 1617 577 1660 causis
608 1617 776 1659 adducti
806 1616 1004 1671 permulti
1035 1630 1191 1667 eorum,
1223 1616 1295 1671 qui
1323 1615 1537 1658 Strabonis
1567 1614 1695 1657 libros

136 1687 367 1739 ediderunt,
398 1687 473 1729 illa
503 1687 630 1730 verba
658 1687 718 1730 sie
747 1689 1028 1729 mutaverunt.

396 1799 424 1820 ,‚
459 1804 468 1813 .
492 1801 502 1811 .
534 1766 609 1810 καὶ
629 1764 715 1824 πρὸ
746 1768 826 1825 τῆς
857 1762 1026 1818 πόλεως
1055 1761 1216 1824 ταύτης
1246 1762 1351 1822 ἷίλλη
1381 1767 1510 1825 νῆσος
1540 1763 1696 1820 μείζων
1727 1768 1730 1771 ’

277 1834 412 1898 αὐτῆς
442 1839 466 1865 *
487 1837 562 1881 καὶ
592 1833 722 1890 πόλις
743 1839 766 1864 *
798 1833 1035 1892 ὁμώνυμος,
1069 1835 1224 1896 ἔρημος
1255 1854 1294 1880 κ.
1326 1853 1364 1882 τ.
1395 1837 1421 1879 λ
1443 1873 1452 1883 .
1479 1870 1487 1878 .
1513 1844 1539 1864 “

255 1923 444 1966 Dubium
485 1937 570 1966 11011
602 1926 686 1976 est,
718 1922 821 1979 quin
851 1923 931 1966 hoo
961 1922 1052 1966 1000
1083 1922 1234 1967 Strabo
1265 1922 1316 1965 de
1346 1922 1514 1965 civitate
1544 1921 1693 1966 Nesio-

135 1998 273 2036 tarum
304 1994 515 2049 loquatur.
577 1994 712 2044 Quare
742 1993 922 2044 Earinus
950 1994 1010 2036 sic
1038 1993 1302 2036 scribendum
1332 2008 1416 2035 esse
1447 1995 1607 2036 censet:

398 2072 504 2125 ,,καὶ
542 2069 629 2130 πρὸ
669 2075 747 2131 τῆς
784 2068 954 2124 πόλεως
984 2069 1144 2130 ταύτης
1173 2067 1302 2131 ι’ίλλη,
1334 2073 1506 2132 Νῆσος,
1538 2072 1694 2127 μείζων

278 2140 411 2202 αυτῆς
441 2141 517 2186 καὶ
547 2137 676 2194 πόλις
707 2138 963 2198 ὁμώνυμος.

255 2227 383 2269 Putat
402 2227 933 2280 0111111,11111(1,,“ΝΗΣοΣ
954 2242 1039 2269 11011
1060 2242 1145 2270 esse
1172 2241 1346 2279 „nomen
1366 2227 1687 2282 appellativum“

135 2298 206 2341 sed
234 2302 419 2350 ‘‚‚nomen
449 2297 710 2353 proprium“.

257 2425 316 2471 14)
341 2427 395 2464 cf.
421 2427 575 2463 Suidam
599 2439 627 2463 s.
653 2427 753 2464 verb.
777 2423 948 2467 ,,νῆσος“.
998 2426 1055 2462 Ibi
1085 2428 1173 2462 ante
1197 2426 1447 2463 Gaisfordium
1463 2427 1695 2473 ‚legebantur

135 2486 246 2523 haec:
289 2483 498 2530 »ἐντεῦθεν
520 2485 664 2528 ἰνησίτης
687 2486 749 2519 καὶ
774 2483 870 2519 nara*
892 2483 1130 2531 πλεονασμόν
1154 2484 1349 2528 νησιώτης,
1379 2483 1432 2524 ὠς
1456 2483 1694 2531 &renuitas-‘⁸

136 2545 238 2582 Haec
255 2544 370 2581 verba
385 2544 559 2581 Gaisford
575 2545 725 2581 delevit.
745 2564 789 2570 -
806 2545 864 2580 Ad
882 2544 1069 2583 verbum,
1071 2543 1233 2586 ,“νησίον
1256 2544 1390 2580 Suidas
1408 2545 1499 2581 haee
1516 2545 1693 2581 adnotat:

134 2603 219 2644 ,ι’,κα
245 2600 418 2646 mama,-
442 2601 464 2637 ὁ
486 2601 566 2637 ἀπό
588 2601 735 2646 νήσου“.
757 2621 805 2629 -
830 2604 968 2641 Contra
990 2603 1030 2640 L.
1053 2603 1181 2650 Meyer
1200 2603 1418 2650 ,νει-3101011.
1436 2603 1689 2641 Grammatik‘

135 2663 182 2699 11.
207 2675 244 2709 p.
269 2661 352 2699 527.
