1793 2851
743 100 1117 142 -32-.

659 228 1012 294 ⁴Excur’sus
1048 244 1107 293 II.

445 342 529 430 De
572 340 800 411 insula
843 340 1330 414 Pordoselene.
1388 342 1390 344 ’

225 464 526 509 Pordoselenae
567 465 728 513 insulae
766 481 1062 522 saepenumero
1097 467 1255 511 mentio
1293 468 1344 511 fit
1391 468 1445 511 ab
1482 468 1665 525 antiquis

105 535 391 590 scriptoribus.
438 535 610 579 Praeter
630 535 880 586 Strabonem
910 537 961 580 de
991 552 1040 580 ea
1069 537 1318 593 loquuntur:
1349 538 1531 595 Hesyeh.
1561 553 1595 581 ε.
1622 553 1662 582 v.

113 598 487 664 ,Πορδοσελήνη“;
529 606 674 664 Steph.
705 607 808 666 Byz;
838 623 872 651 s.
903 608 993 652 eod.
1024 608 1137 652 verb.
1168 611 1211 652 et
1258 603 1463 667 ,Σελήνης
1493 603 1685 668 adhe&

107 675 260 733 Scylax
290 676 329 731 g.
361 678 442 728 97;
474 677 690 721 Aristotel.
721 676 820 721 hJ'st.
852 692 920 721 an.
953 679 995 721 8.
1027 679 1099 722 28.

231 741 552 805 „Hopooeiaffmy‘
588 748 726 791 insula
767 749 1008 792 nominatur
1038 750 1149 804 apud
1178 749 1355 793 Ptolem.
1387 751 1441 793 V.
1474 752 1515 793 2.
1548 752 1589 793 5.
1621 753 1664 793 et

105 817 230 862 Paus.
251 817 330 860 IH.
362 819 434 861 25.
468 821 517 870 7;
549 820 660 875 apud
690 819 854 862 Aelian.
886 819 943 862 N.
975 821 1029 862 A.
1060 819 1117 862 H.
1149 821 1191 873 6,
1221 819 1294 862 ubi
1324 820 1368 862 in
1398 834 1483 863 uno
1513 835 1565 864 ex
1594 835 1664 864 oo-

105 888 266 931 dieibus
320 892 479 932 exstat:
533 883 887 948 ,Πωροσελήνη“,
933 905 1028 934 oum
1079 890 1124 933 in
1169 889 1262 933 aliis
1313 885 1656 948 ,ΙΠηροσελήνη“

104 958 290 1016 legaturz
322 960 433 1016 apud
463 960 574 1004 Plin.
604 960 661 1004 N.
693 961 750 1004 H.
781 977 821 1005 v.
856 963 954 1006 137.
985 965 1028 1005 et
1057 961 1177 1005 VIII.
1200 962 1301 1005 226.
1359 955 1656 1019 ,Προσελήνη“

105 1029 284 1086 denique
325 1030 538 1073 invenitur
577 1032 623 1073 in
666 1032 921 1089 Synecdemo
962 1031 1167 1076 Hieroclis
1203 1046 1300 1089 pag.
1334 1033 1435 1076 686.
1468 1034 1494 1075 9
1538 1035 1580 1076 et
1619 1033 1663 1075 in

106 1098 300 1144 Chalced.
331 1102 489 1158 synodo
520 1117 617 1159 pag.
650 1104 751 1147 530.
782 1107 825 1147 et
854 1103 936 1147 vol.
969 1105 1010 1147 9.
1041 1118 1139 1160 pag.
1174 1105 1271 1147 173.

226 1171 381 1214 Mirum
421 1175 483 1215 aet
497 1206 507 1225 ,
550 1173 662 1229 quod
692 1172 844 1216 Strabo
875 1173 1177 1217 Pordoselenen
1220 1176 1262 1216 et
1291 1173 1450 1216 Nesum
1491 1187 1576 1215 non
1618 1173 1662 1214 in

105 1241 406 1285 Hecatonnesis
445 1258 664 1286 numerare
704 1244 880 1287 videtur.
942 1243 1056 1287 Dicit
1095 1244 1207 1287 enim
1251 1244 1280 1286 1.
1311 1243 1340 1285 1.
1378 1239 1584 1300 ,πλησίον
1614 1241 1664 1284 δὲ

104 1312 271 1353 τούτων
311 1308 504 1366 (Ἑκατὸν
533 1308 689 1370 νήσων)
732 1311 826 1355 ἐστὶ
861 1311 936 1354 καὶ
972 1309 998 1370 ἦ
1032 1310 1330 1370 Πορδοσελήνη
1364 1347 1373 1356 .
1393 1346 1402 1355 .
1425 1316 1461 1356 ⁴⁶.
1522 1313 1664 1355 Insula

105 1383 381 1427 Pordoselene
421 1383 544 1428 hodie
591 1378 806 1440 „Hieros-⁸
853 1384 1099 1441 appellatur.
1159 1384 1253 1428 Hoe
1295 1399 1446 1428 nomen
1486 1379 1664 1428 Earinus

104 1455 202 1497 inde
232 1458 371 1498 ortum
402 1455 488 1498 e'sse
518 1455 715 1509 affirmat,
747 1457 858 1513 quod
889 1456 1062 1512 antiqua
1091 1455 1277 1498 aedificia
1306 1456 1351 1497 in
1382 1470 1430 1498 ea
1455 1458 1665 1498 exstructa

107 1525 519 1581 praetervehentibus
548 1527 675 1570 turris
704 1527 883 1582 speeiem
913 1527 1154 1582 praebeant.

226 1597 395 1640 Certum
425 1597 614 1640 conferas
643 1598 694 1641 de
725 1597 804 1640 hae
832 1597 992 1649 insula,
1024 1612 1131 1652 quae
1161 1596 1338 1639 Earinus
1367 1610 1464 1652 pag.
1499 1597 1579 1638 141
1614 1597 1664 1639 de

108 1683 157 1711 ea
186 1668 361 1711 disserit.
412 1668 632 1723 Opinatur‚
662 1667 842 1711 insulam
872 1670 996 1710 antea
1031 1660 1370 1724 ,Ποροσελήνην“
1408 1667 1665 1710 nominatam

107 1741 252 1795 postea
293 1741 463 1795 propter
507 1739 742 1796 squalorem
772 1739 1004 1784 incolarum
1050 1731 1421 1794 „Hoedoaezvffmffl
1464 1753 1490 1780 a
1519 1737 1665 1781 vieinis

108 1811 361 1866 appellatam
392 1824 490 1852 ωδε.
529 1803 871 1866 ,Ποροσελήνην“
899 1824 984 1852 esse
1009 1809 1120 1851 idem
1140 1811 1265 1863 atque
1292 1802 1663 1866 ,Παρασελήνην“.

115 1876 344 1939 ,Σελήνην“
381 1881 491 1925 enim
523 1897 640 1924 oram
670 1880 772 1924 Nesi
806 1881 967 1924 insulae
997 1880 1255 1923 nominatam
1284 1894 1382 1930 esse,
1414 1879 1513 1933 quia
1541 1880 1665 1922 lunae

107 1952 287 1996 formam
316 1953 564 1996 imitaretur.

226 2024 342 2068 Haec
361 2024 506 2069 Earini
525 2024 667 2079 opinio
698 2023 803 2066 mihi
833 2022 944 2065 haud
974 2022 1189 2077 probatur.
1235 2021 1348 2065 Nam
1379 2023 1421 2062 et
1449 2020 1665 2063 Strabonis

109 2094 269 2138 clarum
299 2095 586 2138 testimonium
615 2096 825 2150 repugnat
864 2107 998 2149 neque
1041 2092 1175 2136 evinci
1205 2094 1360 2147 potest,
1402 2090 1550 2133 Aeoles
1589 2105 1665 2146 pro

115 2161 284 2220 ,παρῶ
328 2160 487 2222 ,σι-όροὥ
524 2166 687 2209 dixisse.

226 2237 517 2290 Pordosolene,
547 2237 583 2280 si
612 2236 946 2292 magnitudinem
966 2234 1173 2298 respicias,
1204 2232 1385 2276 secunda
1401 2231 1665 2275 Heeatonne-

107 2324 249 2353 sorum
279 2325 305 2352 a
333 2308 446 2352 Neso
488 2310 561 2351 est.
644 2307 711 2350 Ad
752 2306 1075 2362 septentrionem
1116 2307 1158 2347 et
1199 2303 1453 2346 occidentem
1493 2305 1665 2359 spectat.

108 2380 220 2423 Urbs
250 2380 294 2422 in
325 2394 399 2421 ora
429 2378 622 2421 orientali
651 2378 732 2419 sita
761 2379 851 2420 erat
865 2409 876 2429 ‚
912 2377 956 2418 id
985 2375 1097 2431 quod
1126 2390 1150 2417 e
1179 2372 1396 2417 Strabonis
1425 2373 1562 2415 verbis
1591 2387 1666 2427 ap-

109 2454 246 2507 paret:
300 2447 399 2502 „naz
441 2465 476 2490 π
493 2444 552 2505 ρό
592 2448 669 2506 τῆς
713 2441 882 2497 πόλεως
925 2440 1086 2504 ταύτης
1131 2439 1235 2502 ἄλλη
1279 2441 1450 2500 &joes-⁸.
1524 2443 1667 2486 Insula

108 2521 245 2566 Nesus
289 2521 422 2578 igitur
463 2535 485 2563 e
514 2520 686 2576 regione
716 2512 1009 2567 Pordoselenes
1062 2517 1175 2560 urbis
1216 2518 1329 2565 erat3
1376 2528 1475 2570 ergo
1518 2514 1666 2557 urbem

109 2593 412 2637 Pordoselenen
443 2591 488 2635 in
518 2606 592 2635 ora
620 2589 733 2635 Neso
764 2589 936 2633 adversa
963 2587 1089 2640 fuisse
1118 2589 1247 2644 patet.
1330 2639 1334 2641 ‚
