1793 2851
742 134 911 176 —27
976 156 1063 201 —A

110 259 191 303 Sed
232 260 468 303 testimonia
481 293 491 311 ‚
529 276 636 316 quae
666 261 806 312 affert,
837 260 943 303 mihi
984 275 1132 315 parum
1178 263 1291 303 certa
1329 275 1414 303 esse
1453 261 1661 304 videntur.

110 330 340 374 Audiamus
369 331 492 374 modo
522 346 629 386 quae
659 331 770 375 dicat
801 329 915 387 (pag.
950 330 1066 386 137).

374 434 389 453 „
428 434 437 442 .
463 434 472 442 .
497 434 506 443 .
531 434 540 443 .
569 397 628 442 ‘H
664 398 713 442 δὲ
743 397 788 442 ἐν
819 413 883 444 στ.
916 401 987 443 48.
1025 399 1101 441 τοῦ
1131 393 1347 453 παρόντος
1378 397 1662 457 ψηφίσματος

251 465 548 528 ἀναφερομένη
579 467 804 525 Πορνοπία
844 464 954 513 εἶναι
992 465 1043 512 τὸ
1083 467 1128 512 ἐν
1157 464 1295 528 Νήσῳ
1325 469 1661 528 προαναφερθὲν

248 538 482 594 Σμίνθιον,
523 536 619 599 ἤτοι
653 536 675 582 ὁ
706 536 809 591 ναὸς
851 539 929 581 τοῦ
958 539 1185 593 Σμινθέως
1215 535 1508 591 Ἀπόλλωνος,
1540 537 1660 592 ὅστις

250 604 329 668 ἦτο
363 608 386 653 ὁ
417 607 546 663 αὐτᾶς
583 610 639 665 μὲ
668 605 743 653 τόν
774 607 1064 665 Πορνοπίωνα
1090 605 1345 653 Ἀπόλλωνα
1375 606 1434 661 ὥς
1464 606 1662 667 ἐξάγεται

250 679 298 723 ἐκ
328 682 405 722 τοῦ
447 681 719 735 συνδυασμοῦ
759 681 836 738 τῆς
865 678 1118 736 Πορνοπιάς
1148 675 1308 739 ταύτης
1337 678 1447 735 μετὰ
1477 683 1554 724 τοῦ
1584 680 1662 724 ἐπὶ

249 752 334 793 τῶν
376 746 650 806 νομισμάτων
694 752 772 810 τῆς
802 747 950 809 Νήσου
996 748 1103 805 μυὸς
1148 750 1222 794 καὶ
1263 753 1343 809 τῆς
1381 748 1478 810 ἑξῆς
1517 768 1659 808 παρα-

249 815 412 879 γράφου
443 822 519 863 τοῦ
549 816 844 877 Στράβωνος“.

227 904 464 960 Sequuntur
508 906 613 948 iam'
635 905 708 948 illa
746 905 962 948 Strabonis
1007 905 1150 955 verba;
1199 909 1341 961 postea
1382 906 1560 949 Earinus
1601 907 1660 950 sic

107 976 246 1031 pergit
275 976 532 1018 ratiocinari:

371 1039 534 1097 ,,”Ενθα
567 1041 615 1086 τὸ
653 1041 771 1097 ,μείς
800 1048 890 1094 τις“
929 1043 1086 1097 πρέπει
1117 1042 1170 1085 vo?
1202 1044 1427 1103 διορθωδῇ
1457 1041 1519 1095 εἷς
1556 1045 1659 1098 ,μῦς

257 1120 386 1168 ,τις“.
463 1116 548 1158 Τοῦ
580 1110 854 1167 Ἀπόλλωνος
894 1109 1046 1158 τούτου
1085 1115 1267 1169 χαλκοῦν
1303 1109 1496 1171 ἄγαλμα,
1539 1111 1660 1171 ἔργον

255 1187 353 1238 ,τοῦ
386 1186 559 1229 Φειδίου
590 1184 664 1228 καὶ
695 1181 953 1239 καλούμενον
974 1180 1226 1241 Παρνόπιον
1258 1181 1463 1242 ἀναφέρει
1493 1181 1517 1226 ὃ
1537 1187 1659 1226 Παυ-

256 1254 471 1314 πσανίαςῗ)
516 1253 583 1299 ὅτι
623 1251 734 1300 εἶδεν
775 1254 820 1299 ἐν
848 1257 904 1314 τῇ
931 1250 1190 1312 Ἀκροπόλει
1220 1256 1306 1298 τῶν
1325 1250 1569 1313 Ἀθηνῶν“.
1608 1281 1657 1286 «-

225 1329 382 1372 Vereor
420 1344 473 1371 ne
515 1329 617 1371 haec
648 1328 955 1384 argumentatio
985 1343 1133 1383 parum
1164 1327 1391 1382 probabilis
1421 1328 1475 1370 sit
1491 1360 1501 1380 ‚
1532 1343 1660 1383 quare

108 1400 153 1442 in
183 1415 231 1442 ea
261 1400 517 1455 acquiescere
547 1414 720 1455 nequeo.

228 1470 291 1512 Ac
320 1469 501 1524 primum
531 1470 697 1525 quidem
720 1470 857 1512 nescio
888 1485 941 1511 an
962 1469 1140 1511 Earinus
1161 1468 1356 1524 pusillam
1376 1483 1465 1511 rem
1484 1469 1660 1511 nimium

110 1540 433 1596 exaggeraverit.
479 1540 647 1582 Etenim
674 1541 784 1582 inter
813 1540 906 1582 illos
926 1554 1117 1582 nummos
1147 1543 1188 1582 et
1218 1540 1270 1581 ab
1301 1539 1660 1581 Imhoof-Blumer

109 1614 151 1654 et
181 1611 233 1653 ab
263 1598 352 1665 ipso
383 1610 512 1652 editos
543 1626 649 1653 unus
679 1614 845 1653 tantum
876 1614 950 1662 est,
982 1611 1026 1652 in
1057 1625 1153 1665 quo,
1185 1610 1263 1653 nisi
1286 1609 1464 1652 Earinus
1484 1609 1659 1662 fallitur,

110 1680 238 1723 muris
276 1680 443 1737 signum
483 1681 707 1724 invenitur.
767 1681 844 1724 Est
873 1681 963 1732 ille,
1002 1696 1125 1737 quem
1155 1681 1333 1723 Earinus
1363 1695 1478 1723 num.
1510 1681 1551 1723 5.
1583 1696 1659 1723 no-

108 1754 243 1793 tatum
274 1751 413 1794 edidit.
474 1752 587 1806 Ergo
618 1752 752 1794 dicere
783 1767 867 1793 non
898 1752 1062 1794 debuit:
1109 1785 1125 1802 ,‚
1165 1784 1173 1793 .
1194 1784 1202 1792 .
1235 1750 1313 1791 τοῦ
1344 1748 1420 1791 ἐπὶ
1451 1749 1559 1790 τῶν
1590 1765 1659 1791 νο-

108 1814 334 1873 μισμάτων
363 1820 441 1876 τῆς
472 1814 621 1877 Νήσου
652 1815 759 1872 μυός
793 1854 802 1863 .
823 1855 832 1863 .
852 1854 861 1863 .
899 1824 935 1863 “.
971 1847 1023 1852 —

228 1891 398 1935 Accedit
429 1892 537 1947 quod
570 1891 622 1934 ad
652 1893 980 1936 confirmandam
1009 1892 1255 1935 sententiam
1287 1907 1405 1934 suam
1430 1892 1659 1935 Pausaniae

109 1962 235 2005 verba
265 1962 385 2005 affert
398 1994 408 2013 ‚
451 1976 557 2017 quae
586 1965 728 2006 tamen
758 1963 1161 2019 argumentationem
1191 1963 1278 2005 eius
1307 1977 1391 2004 non
1421 1963 1544 2005 modo
1575 1977 1659 2004 non

110 2033 370 2084 confirmant,
401 2032 471 2074 sed
502 2033 680 2076 diluunt.
742 2034 968 2077 Pausanias
999 2033 1108 2077 enim
1139 2033 1167 2075 1.
1199 2033 1227 2075 l.
1260 2033 1360 2076 haec
1393 2033 1516 2076 dicit:

373 2135 388 2153 ‚‚
428 2135 586 2145 ......
622 2104 709 2144 Τοῦ
733 2103 836 2145 ναοῦ
867 2102 916 2144 δέ
946 2101 1040 2145 ἐστι
1069 2102 1205 2157 πέραν
1225 2097 1448 2143 lindum
1477 2101 1660 2153 χαλκοῦς

257 2169 354 2224 ,καὶ
391 2167 441 2213 τὸ
481 2165 653 2227 ἷίγαλμα
682 2172 853 2229 λέγουσι
885 2170 1063 2217 Φειδίαν
1105 2173 1296 2230 ποιῆσαι.
1329 2166 1579 2227 Παρνόπιον
1610 2170 1660 2214 δὲ

257 2242 491 2295 ,καλοῦσιη
525 2238 592 2285 ὅτι
621 2240 747 2300 σφίσι
769 2239 1005 2300 παρνόπων
1023 2239 1307 2298 βλαπτόντων
1331 2239 1409 2301 τήν
1439 2243 1515 2300 γῆν
1545 2237 1658 2284 ἄπο-

257 2311 454 2368 ,τρέψειν
484 2308 507 2354 ὂ
538 2308 646 2363 θεὸς
675 2308 797 2357 εἶπεν
828 2312 877 2356 ἐκ
907 2315 986 2370 τῆς
1014 2309 1154 2369 χώρας
1184 2329 1223 2356 κ.
1256 2328 1294 2355 τ.
1326 2313 1363 2355 λ.
1400 2347 1409 2356 .
1429 2347 1438 2355 .
1475 2317 1491 2335 “

226 2384 366 2427 Verba
386 2383 566 2426 dilucida
584 2387 707 2434 sunt,-
735 2385 922 2442 loquitur
952 2386 1001 2428 de
1022 2386 1142 2441 signo
1173 2399 1290 2427 aereo
1321 2384 1529 2439 Apollinis
1556 2384 1659 2426 Par-

109 2455 246 2510 nopii;
269 2454 395 2507 addit,
424 2454 545 2497 deum
565 2455 623 2497 sic
644 2455 894 2511 appellatum
919 2471 1016 2507 esse,
1047 2456 1157 2511 quod
1178 2455 1277 2497 olim
1307 2457 1462 2497 terram
1491 2454 1660 2497 locustis

228 2571 264 2615 7)
287 2572 395 2608 Paus.
421 2572 448 2608 Ι.
473 2572 529 2607 24.
555 2572 589 2607 8.
638 2573 693 2608 Ex
717 2574 838 2610 verbis
863 2574 1068 2610 Pausaniae
1093 2575 1269 2620 apparet,
1294 2584 1369 2608 non
1393 2572 1539 2619 signum
1566 2573 1661 2609 illud

114 2629 369 2675 „Hapvo‘mou‘
397 2631 628 2677 appellatum
648 2643 737 2675 esse,
762 2644 889 2669 verum
908 2633 1117 2679 Apollinem
1132 2632 1271 2679 ipsum;
1297 2632 1544 2678 supplendum
1561 2632 1661 2668 enim

109 2692 184 2726 est:
215 2688 299 2733 ,τᾶν
323 2687 564 2724 Ἀπόλλωναῆ
