1793 2851
747 110 1001 164 -'4-

353 250 578 294 Μουσεῖον
619 247 694 293 καὶ
733 244 1002 308 βιβλιοθήκῃ
1050 249 1128 308 τῆς
1172 242 1446 310 εὖαγγέλικῆς
1484 247 1651 306 σχολῆς.
1731 229 1736 237 ⁸

237 335 333 376 περ.
365 319 556 377 δευτέρα,
588 317 685 371 ἔτος
715 315 1296 375 πρῶτον.1875-76.Ἐν
1325 317 1491 378 Σμύρνῃ
1525 322 1652 365 1876.

236 405 335 448 pag.
370 393 454 435 110
485 407 599 448 sequ.

357 462 408 504 In
438 463 519 505 hoo
547 463 655 505 libro
686 462 980 505 commentatio
1011 462 1156 504 Earini
1177 462 1394 518 Smyrnaei
1424 462 1474 504 de
1504 461 1653 504 Nesio-

236 535 378 575 tarum
407 531 575 575 civitate
606 531 717 574 edita
746 534 820 574 est.

356 603 421 645 De
482 598 713 656 „Movoct'qs
755 616 795 646 κ.
844 616 882 645 τ.
926 601 988 643 λ.“
1045 602 1239 657 inspicias
1284 603 1422 645 sodes:
1473 603 1652 645 Bursian

244 673 603 726 „Jahresberiehff
644 674 771 717 1878.
803 673 884 716 vol.
917 673 982 716 ΠΙ
1012 687 1109 730 pag.
1142 674 1212 716 84.
1246 698 1300 704 —

356 743 489 787 Oauer
525 744 729 796 „delectus
749 743 1342 798 inscriptionum'Graecarum
1364 747 1533 799 propter
1563 745 1652 787 dia-

236 815 391 858 lectum
421 814 779 857 memorabilium“
826 814 991 870 Lipsiae
1025 815 1152 858 1877.
1214 813 1296 857 Hic
1337 814 1382 856 in
1421 829 1518 871 pag.
1554 815 1651 857 148.

237 885 385 926 titulus
441 884 495 926 ab
545 884 701 926 Earino
757 885 940 938 primum
997 885 1130 926 editus
1180 884 1351 926 minutis
1401 885 1532 926 literis
1581 885 1652 926 de-

236 952 414 1011 scriptus
443 957 518 998 aet.
554 980 605 986 —

354 1023 406 1067 Gr.
429 1024 619 1081 Droysen
639 1024 684 1066 in
712 1023 984 1075 „Geschichtc
1005 1025 1077 1066 der
1097 1024 1363 1066 Diadochen“
1401 1024 1455 1066 II.
1473 1024 1652 1081 Auflage

238 1096 378 1139 Gotha
402 1096 514 1139 1878
535 1095 648 1138 illius
677 1095 806 1148 tituli,
837 1111 960 1151 quem
991 1095 1036 1137 in
1067 1098 1186 1150 parte
1206 1095 1262 1137 II.
1294 1095 1376 1139 vol.
1398 1097 1424 1138 2
1446 1110 1543 1152 pag.
1565 1097 1651 1139 374

237 1166 411 1209 minutis
440 1166 571 1209 literis
600 1166 827 1222 descripsit,
859 1166 1004 1208 crebro
1034 1166 1289 1209 mentionem
1318 1166 1432 1209 facit.
1466 1191 1519 1197 —

355 1237 551 1293 Beitriige
591 1252 664 1279 zur
694 1236 846 1279 Kunde
887 1237 961 1279 der
990 1236 1408 1292 indogermanischen
1439 1237 1652 1293 Sprachen

237 1309 301 1352 ed.
348 1308 659 1364 Bezzenberger
703 1308 784 1350 vol.
816 1308 870 1350 V.
917 1322 1015 1364 pag.
1051 1309 1132 1350 105
1179 1323 1241 1364 sq.
1320 1308 1368 1350 In
1415 1308 1495 1351 hoc
1544 1309 1652 1351 libro

236 1379 285 1421 F.
323 1379 498 1422 Bechtel
539 1378 683 1421 titulos
725 1378 898 1421 Aeolica
948 1378 1124 1421 dialecto
1170 1379 1418 1434 compositos
1469 1379 1650 1435 collegit,

236 1449 369 1492 multo
388 1452 483 1504 post
513 1464 638 1504 quam
670 1448 780 1491 hanc
805 1463 939 1491 meam
961 1449 1351 1491 commentationem
1382 1449 1652 1492 confeceram.

237 1520 301 1562 De
320 1519 589 1562 Nesiotarum
608 1519 747 1571 titulo,
774 1534 898 1575 quem
919 1522 961 1561 et
979 1519 1080 1574 ipse,
1111 1523 1159 1561 ut
1180 1519 1324 1571 Cauer,
1357 1518 1653 1562 Pordoselenae

235 1590 395 1634 insulae
424 1590 587 1642 tribuit,
620 1590 710 1646 agit
739 1603 838 1646 pag.
873 1590 1118 1633 152—157.
1156 1613 1203 1618 -

354 1660 593 1703 zeitschrift
636 1660 724 1702 ffir·
749 1659 1036 1702 Numismaffik
1082 1660 1145 1701 ed.
1175 1647 1232 1701 'v.
1264 1659 1417 1711 sanet,
1460 1660 1541 1702 vol.
1573 1659 1650 1701 [Π.

236 1745 334 1787 pag.
366 1732 467 1773 313.
528 1731 594 1772 Ibi
639 1730 1045 1782 Imhoof-Blumer,
1082 1730 1147 1772 vir
1185 1730 1245 1772 rei
1285 1729 1543 1772 nummariae
1572 1730 1652 1772 im-

236 1802 381 1857 primis
400 1802 572 1857 peritus,
593 1802 644 1844 de
664 1801 845 1843 nummis
862 1801 1130 1844 Nesiotarum
1150 1801 1357 1843 uberrime
1373 1801 1577 1844 disseruit.
1597 1825 1650 1830 —

215 1889 335 1932 Addo
366 1890 478 1946 quod
508 1876 714 1932 Mionneti
744 1889 895 1941 libros,
939 1889 1012 1944 qui
1049 1888 1322 1943 „description
1363 1889 1412 1931 de
1442 1889 1653 1931 medailloe

93 1961 309 2017 antiques“
345 1961 632 2015 inscribuntur
653 1959 752 2014 (vol.
774 1961 853 2003 III.
884 1974 982 2017 pag.
1005 1962 1058 2003 21
1083 1963 1125 2003 et
1146 1961 1217 2012 61,
1251 1960 1330 2003 vol.
1351 1960 1554 2016 supplem.
1576 1960 1652 2012 VI,

92 2045 191 2087 pag.
225 2032 314 2086 78),
345 2031 520 2086 inspexi.

212 2102 330 2144 Alios
360 2091 508 2153 libi-os,
545 2102 619 2157 qui
662 2102 767 2144 mihi
796 2105 960 2157 praesto
991 2105 1110 2144 erant
1125 2135 1135 2154 ‚
1176 2102 1389 2145 occasione
1419 2101 1525 2144 forte
1556 2101 1653 2144 data

93 2172 287 2215 laudabo.

1064 2305 1333 2351 Scribebam
1364 2304 1595 2350 Honaohii

1163 2383 1225 2418 ιιι.
1249 2382 1341 2419 sm.
1365 2378 1479 2420 1880.
