1793 2851
742 155 1025 196 -29-

109 280 160 323 In
199 280 466 337 inscriptione
495 280 673 338 Mylasia
709 278 763 335 (c.
793 280 822 323 i.
854 279 1001 324 Graec.
1030 280 1088 323 H.
1118 295 1161 322 n.
1194 281 1308 323 2693
1319 280 1359 337 e)
1395 279 1574 337 legimus
1610 272 1659 331 ,ὅ

109 345 291 401 ἐνεστώς
319 347 438 404 faeie
465 354 660 407 sequente
689 351 815 406 paulo
844 354 960 405 post:
998 351 1215 407 ,μηνῶν“;
1246 352 1352 394 etin
1371 351 1467 403 alia,
1497 351 1658 394 Orcho—

108 422 271 475 menia,
310 437 416 478 quae
457 422 558 465 ibid.
589 422 624 464 I.
655 437 698 464 n.
733 422 860 465 1569.
891 437 929 464 a.
961 421 1072 465 edita
1101 425 1180 475 est,
1211 422 1429 478 quinquies
1460 420 1583 476 (vers.
1619 422 1657 474 1,

112 493 180 545 13,
226 493 297 545 25,
340 494 411 545 27,
453 495 526 549 32)
569 492 767 536 Boeotica
805 493 941 535 forma
979 492 1162 548 genetivi
1214 485 1401 544 ,μεινός“
1449 496 1492 535 et
1530 491 1658 535 semel

109 578 228 607 versu
258 565 313 607 53
345 566 600 608 accusativus
637 558 773 618 ,κατὰ
802 564 950 617 μεῖνα“
986 563 1278 621 invenitur-¹¹).

223 634 330 678 Item
367 630 506 688 ,μείς“
542 635 720 691 legimus
748 634 794 676 in
824 634 948 677 titulo
978 634 1207 691 Corcyraeo
1237 634 1347 690 apud
1381 634 1450 677 W.
1481 634 1657 677 Vischer

113 707 286 758 „Kleine
316 705 547 749 schrift-‚effi
583 706 666 749 vol.
697 705 754 748 H.
784 706 871 748 tab.
902 706 938 748 I.
969 708 1011 749 4.
1042 721 1140 763 pag.
1174 708 1242 749 13.
1275 731 1328 737 -

225 779 426 822 Revertor
449 795 561 823 nunc
591 780 643 822 ad
665 779 923 834 propositum
952 795 1113 823 meum:
1145 783 1304 823 certum
1334 782 1408 831 est,
1438 778 1549 834 apud
1567 777 1655 821 Ne-

106 848 232 892 siotas
273 849 578 905 Pornopionem
627 849 866 905 Apollinem
883 883 893 902 ‚
938 850 982 892 id
1027 853 1088 893 est
1131 850 1383 893 locustarum
1427 863 1655 892 eversorem

108 919 266 962 cultum
296 935 392 963 esse.
444 920 625 963 Tametsi
640 920 811 963 -Earino
842 921 1033 972 conced0‚
1065 921 1190 963 etiam
1220 920 1408 975 Apollini
1438 920 1655 963 Smintheo

106 989 297 1033 Nesiotas
327 991 485 1034 cultum
514 990 720 1033 tribuisse.
781 990 830 1032 Id
870 1005 954 1033 non
984 991 1119 1033 solum
1159 1005 1276 1033 mure
1305 990 1350 1032 in
1380 989 1453 1032 illo
1482 1003 1654 1032 nummo

105 1062 270 1119 signato
302 1087 355 1092 -
387 1062 422 1105 si
450 1077 594 1106 revera
622 1077 714 1105 mus
744 1064 806 1105 est
841 1086 887 1092 —
923 1061 1183 1118 comprobari
1214 1061 1397 1114 videtur,
1426 1061 1497 1104 sed
1525 1060 1653 1104 etiam

105 1150 128 1178 e
141 1133 363 1178 Strabonis
383 1135 619 1202 testimonio
650 1135 792 1191 colligi
811 1137 947 1191 potaet
976 1135 1006 1177 l.
1035 1135 1064 1177 1.
1097 1134 1292 1178 dicentis:
1330 1128 1474 1188 ,παρὰ
1505 1132 1653 1174 πᾶσαν

106 1201 186 1260 yde
222 1200 274 1263 δὴ
316 1201 393 1262 τήν
434 1202 651 1259 παραλίαν
691 1199 850 1262 ταύτην
896 1200 919 1246 ὅ
951 1199 1177 1246 Ἀπόλλων
1218 1200 1493 1260 ἐκτετίμηται
1531 1200 1652 1257 μέχρι

110 1273 306 1328 Τενέδου,
338 1271 623 1332 Σμινθεὺςῑῖ)
655 1271 685 1333 ἢ
703 1275 909 1326 Κιλλαῒος
938 1270 1194 1328 καλούμενος
1225 1270 1252 1332 ἢ
1281 1269 1458 1329 Γρυνεύς
1488 1267 1515 1331 ἤ
1555 1288 1652 1315 τινα

105 1340 233 1402 ἷίλλην
264 1342 512 1398 ἐπωνυμίαν
541 1342 691 1399 ἔχωνῆ
725 1372 779 1377 -

221 1416 272 1459 Ι11
302 1431 421 1460 versu
442 1418 498 1459 50
535 1418 780 1469 „KAIKE‘
815 1417 875 1461 sic
893 1417 1116 1474 legendum
1146 1419 1231 1460 est:
1270 1409 1374 1468 ,καῖ
1399 1418 1469 1457 κε“
1505 1433 1552 1451 =
1577 1412 1665 1456 καῖ’

106 1482 159 1529 αἶ’
183 1491 273 1530 κε“.
335 1487 450 1530 Idem
489 1488 701 1531 invenitur
740 1489 784 1531 in
826 1489 950 1531 titulo
980 1489 1177 1532 Boeotico
1223 1488 1333 1543 apud
1365 1487 1498 1530 Franz
1545 1486 1652 1539 „ele-

105 1562 246 1602 menta
274 1558 405 1614 epigr.
438 1558 607 1602 Graec.“
644 1573 742 1615 pag.
777 1561 874 1602 192.
936 1559 980 1602 C.
1012 1560 1138 1607 45146
1175 1550 1357 1613 ,κῆκα“.

222 1629 339 1672 Vers.
371 1630 424 1671 51
464 1629 575 1683 ,τῶγ
604 1644 676 1672 κεν
706 1624 943 1687 εὖεργέτη“.
1011 1630 1159 1673 Aeoles
1204 1630 1347 1673 crebro
1378 1628 1554 1671 articulo
1583 1643 1649 1670 re-

103 1699 222 1742 lativi
251 1699 341 1742 loco
372 1713 465 1740 usos
495 1713 592 1751 esse,
624 1699 790 1742 Ahrens
832 1700 870 1754 ἐ.
903 1702 973 1742 23.
1009 1702 1075 1742 10.
1108 1700 1385 1751 demonstrat,
1427 1699 1561 1741 multa
1599 1713 1650 1741 ex

103 1769 370 1825 scriptoribus
389 1769 569 1812 Aeolicis
599 1771 787 1826 exempla
817 1771 1003 1814 afferens.
1053 1770 1184 1813 Addit
1214 1786 1264 1813 ex
1292 1770 1416 1813 titulo
1436 1769 1648 1821 Lesbiam,

104 1841 177 1895 qui
197 1855 309 1895 corp.
330 1840 453 1882 inser.
475 1840 548 1882 Gr.
571 1842 700 1884 2166.
731 1845 877 1892 exstat,
909 1857 1000 1884 vers
1020 1843 1091 1884 23.
1123 1845 1165 1884 et
1184 1843 1241 1884 40
1270 1842 1412 1893 „wald
1449 1843 1492 1884 et
1527 1833 1648 1892 ,τά“,

103 1911 171 1953 Ad
192 1911 294 1954 haec
313 1911 501 1966 exempla
520 1911 652 1954 adicio
683 1928 734 1955 ex
764 1912 916 1955 Conzio
930 1912 1050 1956 VIII.
1083 1914 1123 1955 2.
1155 1914 1221 1962 4s5
1255 1911 1445 1965 (Bechtel
1464 1927 1580 1954 num.
1602 1911 1647 1966 2)

109 1978 300 2037 ,μ(η)δὲν
333 1980 427 2033 τῶμ
457 1975 806 2039 παρεχώρησαν“.
867 1982 1022 2026 Contra
1050 1984 1096 2025 in
1115 1983 1351 2032 Eresiorum
1379 1981 1648 2036 inscriptione

104 2050 257 2105 (Oonze
285 2051 382 2093 XII.
413 2051 467 2093 A.
499 2053 554 2093 33
586 2052 759 2096 Bechtel
790 2069 831 2095 11.
864 2055 939 2109 42)
969 2054 1164 2110 legimus:
1198 2049 1323 2106 ,περὶ
1352 2042 1414 2093 ὧν
1445 2047 1487 2093 οἱ
1516 2049 1648 2104 πρέσ-

101 2123 194 2175 βεις
222 2115 590 2176 ἅπαγγέλλοισ[ι“.
624 2147 677 2152 -
1137 2161 1154 2183 ὁ

219 2193 352 2236 Venio
393 2208 504 2235 nunc
544 2194 596 2235 ad
626 2194 937 2249 inscriptionem
966 2195 1134 2238 alterius
1164 2195 1316 2237 lateris.
1378 2194 1555 2236 Videtur
1586 2193 1647 2235 al-

221 2333 279 2379 11)
305 2335 424 2378 Quare
448 2335 491 2378 is,
517 2336 581 2380 qui
604 2336 645 2372 in
660 2337 783 2383 Etym.
800 2338 926 2384 Magn.
951 2349 1036 2384 pag.
1062 2337 1141 2372 583.
1167 2337 1199 2372 8.
1224 2349 1252 2372 s.
1267 2349 1301 2373 v.
1331 2335 1453 2380 ,μείς“
1481 2335 1646 2381 scripsit:

105 2391 200 2437 ,ἔστι
224 2391 265 2426 δὲ
288 2391 432 2427 ἅκλιτον
445 2401 452 2409 ·
478 2392 515 2427 εἰ
537 2392 611 2441 γάρ
635 2391 797 2429 ἐκλίνετο
821 2394 934 2440 μενός
950 2393 1056 2440 εἶχεν
1072 2391 1166 2429 εἶναι
1190 2392 1212 2437 ἦ
1228 2392 1374 2439 ynam?
1395 2394 1496 2430 haud
1507 2393 1648 2440 optime

100 2452 282 2488 iudicasse
315 2453 471 2488 videtur.
506 2473 544 2477 -·
581 2454 706 2498 Addo,
735 2455 776 2490 in
813 2455 926 2491 titulo
957 2455 1182 2501 Mytilenaeo
1216 2454 1430 2500 genetivum
1466 2451 1643 2498 „periuros-⁴⁶

100 2510 177 2557 legi
201 2522 297 2556 corp.
322 2510 430 2546 inser.
456 2510 517 2546 Gr.
542 2510 588 2547 11.
614 2511 717 2549 2166.
742 2525 776 2549 v.
802 2512 859 2549 34.

137 2633 142 2637 .
220 2581 278 2624 12)
302 2581 356 2617 De
380 2581 553 2627 Apolline
578 2582 771 2620 Smintheo
803 2585 848 2621 cf.
874 2585 1045 2621 Eustath.
1083 2586 1276 2620 comment.
1302 2583 1360 2619 ad.
1386 2582 1492 2619 Iliad.
1526 2595 1562 2629 p.
1588 2582 1646 2618 34.

99 2639 506 2746 esslufflelgffmvl
530 2639 804 2676 §nedemmffist
841 2644 896 2680 17.
921 2645 961 2680 in
984 2645 1134 2680 Rhetor.
1169 2643 1311 2679 Graeci.
1337 2643 1393 2679 ed.
1418 2642 1458 2678 1..
1484 2641 1648 2688 Spengel
