1793 2851
750 105 1006 145 -9-

100 230 171 273 hic
199 232 324 274 velim
354 232 583 274 instituere.
629 232 764 282 Quare
794 247 862 274 eas
890 233 936 274 in
965 233 1049 274 fine
1078 231 1210 274 libelli
1239 233 1322 275 mei
1351 235 1531 274 tractare
1561 232 1653 274 am'-

99 318 214 346 mum
243 303 403 356 induxi,
433 317 546 346 nune
575 303 628 345 ad
657 318 862 346 summam
892 303 1145 359 quaestionis
1174 303 1409 359 aggrediar.

216 373 353 417 Nemo
383 373 605 426 dubitabit,
636 373 738 430 quin
777 373 823 416 in
852 388 973 417 versu
1004 375 1075 417 40.
1111 373 1223 416 illius
1252 373 1533 429 inscriptionis
1563 388 1652 417 ma-

7 423 13 429 ·
97 445 197 486 ioris
208 459 367 502 nomen
386 445 531 499 populi
552 445 826 497 contineatur,
860 445 933 500 qui
953 445 1182 487 Alexandri
1203 444 1351 500 Magni
1380 447 1516 487 aetate
1535 444 1653 486 illam

96 514 276 558 insulam
305 514 526 559 incolebat.
587 515 823 559 Dolendum
854 519 940 569 est,
983 515 1095 572 quod
1124 515 1282 571 primae
1319 514 1443 559 huius
1472 515 1653 558 nominis

97 585 241 629 literae
271 586 428 629 deletae
458 589 569 628 sunt.
629 586 721 629 Nec
750 590 890 630 tamen
921 586 1090 629 difficile
1120 589 1229 638 erat,
1260 586 1352 629 illas
1382 585 1532 647 literas⁴
1552 601 1652 641 sup-

97 657 222 712 plere.
274 656 384 699 Fieri
414 657 525 700 enim
556 672 640 700 non
670 660 819 713 potest,
850 660 898 700 ut
927 657 1067 713 pluroe
1096 672 1223 713 quam
1254 657 1359 700 duae
1388 657 1532 700 literae
1553 659 1651 700 ante

96 727 201 770 illud
231 758 258 778 ‚,
282 760 292 768 .
316 759 326 769 .
346 725 612 768 ΣΙΩΤΛΝ“
644 728 803 771 deletae
831 728 929 770 sint.

214 797 395 853 Egregie
445 797 624 840 Earinus
666 797 782 849 ‚hanc
831 798 1023 840 lacunam
1069 798 1268 853 explevit.
1360 798 1491 841 Jubet
1540 797 1652 840 enim

99 866 484 928 „NADIOTAN
484 872 509 891 ‘⁴
531 868 629 923 legi.
676 868 720 911 N
721 883 767 911 ec
786 871 940 911 temere
960 869 1039 912 hoc
1059 869 1173 921 facit,
1205 884 1350 912 verum
1368 868 1503 911 multa
1523 882 1650 923 argu-

97 938 237 981 menta
266 936 407 991 affert,
437 936 588 993 quibus
616 936 734 981 nulla
762 937 847 981 iam
877 937 1081 982 dubitatio
1111 937 1381 995 relinquitur,
1412 953 1556 982 revera
1584 937 1651 981 in-

96 1009 205 1052 colas
234 1009 346 1051 illius
376 1010 535 1052 insulae
572 1010 811 1061 „Nasiotas“
848 1011 1077 1065 appellatos
1108 1027 1207 1053 esse.
1242 1035 1295 1041 -—

212 1079 421 1123 Fortunae
463 1080 721 1137 benignitate
761 1081 884 1124 multi
924 1081 1035 1124 illius
1077 1081 1256 1125 civitatis
1296 1081 1457 1124 nummi
1496 1081 1647 1125 servati

94 1154 204 1193 sunt.
265 1151 316 1192 In
356 1152 548 1193 omnibus
587 1151 820 1194 laureatum
850 1155 976 1203 caput
1006 1152 1215 1207 Apollinis
1245 1153 1458 1208 signatum
1488 1156 1573 1203 est;
1604 1153 1648 1194 in

96 1221 226 1264 altero
246 1221 375 1264 latere
396 1221 481 1264 fere
501 1221 706 1276 panthera
736 1222 999 1277 conspicitur,
1031 1223 1149 1264 iuxta
1170 1237 1298 1277 quam
1328 1222 1473 1266 literae
1493 1224 1621 1273 „NA
1624 1227 1650 1248 “

95 1292 161 1334 vel
192 1291 405 1340 ,‚NAEN
437 1306 556 1342 cusae
586 1295 696 1334 sunt.

211 1361 423 1405 Diuturna
444 1362 786 1417 controversiam)
819 1376 925 1417 quae
955 1362 1005 1405 de
1025 1361 1075 1405 iis
1101 1362 1210 1406 inter
1230 1362 1486 1419 antiquarios
1506 1366 1649 1406 exorta

94 1429 167 1486 est,
199 1433 323 1476 titulo
354 1433 427 1476 illo
458 1434 511 1476 ab
542 1433 697 1476 Earino
727 1433 896 1475 invento
927 1436 989 1476 est
1018 1433 1235 1488 dirempta.

210 1503 448 1555 Mionnetus
492 1504 650 1558 primus
692 1503 876 1559 quinque
915 1503 1082 1546 illorum
1129 1519 1394 1547 nummorum
1434 1505 1648 1560 descripsit

96 1571 210 1627 (Vol.
244 1573 321 1615 ΙΙΙ.
353 1589 467 1616 num.
503 1575 582 1616 121
617 1589 658 1616 u.
694 1574 797 1624 189;
828 1573 1029 1628 supplem.
1061 1574 1136 1616 VI.
1168 1589 1265 1631 pag.
1300 1575 1389 1631 78).

210 1644 335 1686 Hunc
365 1645 463 1686 satis
503 1644 630 1699 longo
669 1644 887 1686 intervallo
927 1647 1020 1697 post
1063 1644 1257 1686 Imhoof-
1271 1645 1441 1688 Blumer
1483 1648 1648 1688 secutus

94 1715 167 1765 est,
199 1714 272 1769 qui
291 1714 336 1756 in
356 1714 464 1757 libro
502 1714 657 1766 „Choix
677 1714 726 1756 de
746 1714 958 1756 monnaies
979 1717 1201 1770 grecques“
1224 1714 1495 1758 Winterthur
1519 1717 1645 1760 1871.

92 1783 224 1826 tabul.
255 1785 333 1826 III.
369 1786 465 1826 114.
497 1800 628 1826 111111111
658 1800 709 1827 ex
737 1785 820 1826 lllis
850 1785 1029 1827 nummis
1045 1818 1055 1837 ‚
1097 1786 1170 1841 qui
1202 1786 1415 1828 Monachii
1445 1789 1646 1838 servatur,

93 1854 293 1910 depinxit.

212 1924 388 1980 Aliquot
407 1925 526 1967 annis
546 1929 640 1980 post
658 1926 769 1968 idem
789 1926 853 1968 vir
873 1926 1130 1969 doctissimus
1150 1927 1193 1968 in
1212 1927 1473 1982 ephemeride
1488 1926 1646 1969 numis-

94 1996 246 2038 matica
289 1995 404 2049 (ann.
440 1997 566 2039 1875.
621 1997 703 2038 vol.
739 1996 817 2038 III.
861 1997 960 2039 fasc.
992 1997 1013 2037 I
1067 2011 1163 2052 pag.
1197 1985 1320 2052 313.)
1369 1997 1645 2052 septendecim

93 2064 364 2108 Nasiotarum
393 2081 583 2108 nummos
614 2066 839 2121 descripsit.

210 2148 353 2191 Liceat
382 2148 487 2190 mihi
517 2164 568 2192 ex
597 2149 944 2192 commentatione
974 2149 1060 2192 eius
1090 2153 1222 2192 totam
1243 2151 1351 2193 hanc
1381 2154 1543 2205 partem
1573 2165 1645 2192 ex-

93 2232 275 2273 cerpere:

212 2406 271 2451 10)
296 2407 373 2442 Alii
397 2407 496 2443 enim
520 2408 604 2443 illos
629 2420 799 2443 nummos
824 2408 1086 2454 Cephalleniae
1110 2410 1193 2445 urbi
1222 2409 1383 2453 „Neso‘3
1416 2411 1482 2446 alii
1506 2423 1644 2457 parvae

92 2465 235 2512 insulae
271 2465 469 2513 „Nesiope“
508 2465 582 2510 (vel
591 2465 815 2508 ‘„Nncco'nffl‘
848 2466 975 2514 Steph.
1000 2467 1104 2514 Byz„
1139 2469 1233 2503 conf.
1264 2468 1381 2504 Conze
1420 2468 1548 2511 „Reise
1580 2470 1648 2505 auf

93 2523 247 2562 Lesbos‘
274 2537 363 2572 pag.
387 2525 465 2568 25);
497 2525 563 2562 alii
587 2519 746 2572 denique
777 2526 859 2563 vico
883 2527 1060 2563 Lesbiaco
1089 2527 1250 2574 „Nape‘,
1275 2528 1321 2564 de
1346 2540 1418 2574 quo
1444 2528 1577 2565 Strabo
1603 2529 1644 2566 in

93 2581 157 2618 lib.
182 2583 246 2618 IX.
269 2595 355 2630 pag.
380 2583 461 2619 426.
488 2584 664 2630 loquitur,
688 2585 909 2622 tribuerunt.
944 2585 1114 2621 Ceterum
1138 2586 1185 2622 de
1210 2598 1253 2623 ea
1277 2598 1316 2623 re
1333 2587 1644 2626 Imhoof-Blumer

93 2641 133 2678 in
157 2642 478 2686 commentatione,
504 2643 550 2680 de
575 2656 649 2690 qua
671 2656 784 2692 supra
809 2644 896 2688 dixi,
925 2645 1069 2681 locutus
1093 2647 1161 2682 est.
