1793 2851
753 126 1039 167 -12-

122 252 475 306 ¹,aussohliesslich
513 268 596 297 von
635 253 876 298 Kleinasicn
918 254 964 296 in
1004 269 1153 299 unsero
1182 255 1353 300 Museen
1395 257 1483 300 und
1513 255 1676 299 Samm-

122 323 318 381 „lungem
348 324 441 368 eine
470 318 708 369 Thatsache
721 358 731 378 ‚
763 325 828 368 die
857 325 914 368 H.
947 325 997 368 de
1027 325 1286 383 Longperier
1316 341 1390 370 aus
1421 327 1500 370 den
1528 325 1676 369 Publi-

121 395 338 448 ¹,cationen
378 396 604 441 Mionnet's
644 397 763 440 nicht
801 396 1048 440 unbekannt
1087 397 1176 440 sein
1217 398 1355 441 durfte
1394 398 1480 453 und
1519 397 1676 441 welche

122 465 353 517 „durchaus
382 466 586 524 bestsffigt
614 468 757 510 wurde
787 466 919 510 durch
950 467 1017 509 die
1045 467 1220 510 seitdem
1239 467 1534 511 erschienenen
1554 467 1675 510 Auk-

121 535 452 594 „tionskataloge
482 537 794 580 verschiedener
823 537 868 579 in
899 536 1079 592 Smyrna
1109 537 1340 592 gebildeter
1370 537 1672 593 Sammlungen

121 606 231 659 „und
245 606 379 650 durch
393 607 530 651 meine
544 606 832 663 personlichen
847 607 1147 664 Erfahrungen
1161 608 1248 651 und
1265 600 1652 665 Erkuudigimgcn‘
1663 640 1673 660 ‚

112 676 185 719 sed
226 677 352 720 etiam
392 678 571 721 Earinus
614 677 798 720 affimat
837 692 881 720 se
912 678 1144 734 complures
1185 678 1288 721 tales
1325 693 1516 722 nummos
1545 691 1674 733 prope

115 746 360 804 Cydoniam,
390 763 498 804 quae
517 749 561 790 in
583 748 812 791 continenti
833 748 991 804 Mysiae
1011 749 1091 791 sita
1110 752 1172 791 est
1191 751 1234 791 et
1262 749 1316 791 ab
1346 749 1483 791 insula
1510 748 1575 800 „N
1576 751 1666 792 eso“

113 817 185 860 vix
222 820 439 874 „quartam
479 821 641 874 partem
671 818 821 861 horae‘
859 818 998 871 abest,
1029 818 1186 861 emisse.
1248 817 1416 874 Septem
1446 833 1497 861 ex
1526 819 1578 862 iis
1606 818 1672 861 in-

114 889 246 931 editos
276 892 400 931 antea
429 889 474 931 in
505 889 854 932 commentatione
884 904 959 931 sua
988 889 1138 939 edidit;
1169 892 1268 932 sunt
1297 889 1368 931 hi:

177 959 216 1001 1.
249 958 385 1015 Caput
415 958 623 1015 Apollinis
653 958 886 1002 laureatum
917 958 970 1001 ad
1000 958 1212 1003 dexteram
1243 974 1420 1003 versum.

287 1031 366 1073 Rv.
398 1030 604 1084 ΝΑΣ(Ι).
659 1029 799 1086 Tigris
838 1030 1107 1085 progrediens
1149 1030 1193 1072 in
1235 1030 1444 1073 sinistram
1488 1033 1673 1086 partem;
1731 1082 1734 1085 Ι

398 1104 524 1156 caput
553 1104 797 1156 retorquens
826 1101 872 1143 in
901 1101 1104 1144 dextram.
1136 1115 1295 1143 numm.
1327 1116 1411 1144 aer.

175 1174 216 1214 2.
250 1171 386 1226 Caput
416 1170 624 1226 Apollinis
654 1171 927 1214 dextrorsum.

287 1243 365 1284 Rv.
397 1241 563 1282 ΝΛΣΙ.
607 1241 747 1296 Tigris
776 1241 1036 1284 dextrorsum
1057 1242 1349 1297 progrediens3
1381 1245 1507 1296 caput
1536 1242 1588 1283 ad
1618 1242 1673 1283 si-

398 1311 574 1354 nistram
593 1313 770 1354 vertens.
816 1310 928 1353 Ante
949 1326 1041 1354 eam
1068 1313 1194 1367 caput
1224 1311 1377 1354 arietis.
1408 1326 1567 1353 numm.
1589 1325 1672 1353 aer.

174 1385 215 1425 3.
246 1383 503 1425 Laureatum
532 1384 659 1437 caput
688 1381 896 1437 Apollinis
927 1382 1199 1425 dextrorsum.

285 1453 364 1496 Rv.
396 1453 562 1495 ΝΑΣΙ.
613 1452 753 1508 Tigris
784 1453 836 1495 ad
866 1453 1078 1495 dexteram
1107 1452 1324 1507 prosiliens
1337 1485 1347 1502 ,
1378 1455 1504 1507 caput
1533 1455 1673 1494 autem

396 1522 450 1565 ad
478 1522 690 1565 sinistram
719 1525 896 1565 vertens.
959 1522 1070 1565 Ante
1099 1537 1190 1566 eam
1221 1526 1346 1578 caput
1376 1522 1598 1565 arietinum
1627 1522 1672 1564 in

396 1594 609 1636 dexteram
639 1608 817 1636 versum.

173 1665 214 1705 4.
246 1664 355 1706 idem
387 1666 526 1719 caput.

285 1735 363 1777 Rv.
397 1732 604 1789 NA(2“1).
666 1733 805 1789 Tigris
853 1733 898 1775 in
937 1733 1149 1776 sinistram
1180 1721 1349 1788 'partem
1391 1733 1671 1788 progrediens,

396 1806 523 1859 caput
551 1803 597 1846 in
627 1803 816 1846 dextram
846 1806 1024 1847 vertens.

398 1874 486 1918 Sub
517 1890 566 1918 ea
595 1874 804 1917 baculum.
837 1872 1013 1927 (numm.
1046 1875 1148 1929 aer.)

173 1948 215 1989 5.
246 1946 357 1990 idem
388 1948 528 2002 caput.

285 2018 364 2061 Rv.
396 2017 562 2061 ΝΑΣΙ.
611 2016 751 2073 Tigris
791 2017 841 2059 ad
886 2016 1097 2059 sinistram
1137 2015 1426 2073 progrediens,
1465 2020 1590 2072 caput
1619 2017 1672 2059 ad

397 2089 587 2131 dextram
617 2091 793 2131 vertens.
854 2087 941 2130 Sub
973 2101 1021 2129 ea
1051 2102 1156 2129 mus.
1190 2086 1366 2141 (numm.
1397 2088 1515 2142 aen).

173 2162 214 2204 6.
245 2160 357 2204 idem
386 2162 526 2216 caput.

284 2232 364 2275 Rv.
396 2231 533 2286 Caput
561 2230 679 2272 bovis
709 2244 805 2273 cum
833 2225 1023 2291 gutture,
1055 2230 1328 2279 dextrorsum.
1361 2227 1538 2281 (numm.
1570 2228 1671 2283 aer.)

175 2303 215 2345 7.
246 2301 355 2345 idem
385 2303 525 2357 caput.

284 2373 364 2415 Rv.
396 2371 563 2413 ΝΛΣΙ.
594 2370 831 2426 Delphinus
861 2371 1122 2414 dextrorsum
1153 2368 1481 2424 (numm,.„'÷aer.).

231 2442 386 2494 Quodsi
415 2430 747 2494 consideramus}
783 2441 859 2484 hos
888 2456 1079 2484 nummos
1108 2455 1238 2496 prope
1268 2439 1467 2490 insulam,
1509 2439 1559 2483 de
1590 2455 1673 2496 qua
1712 2477 1721 2485 .

112 2514 300 2572 quaestio
320 2516 396 2567 oet,
426 2513 617 2556 inventos
648 2526 748 2565 esse,
780 2527 865 2554 non
895 2512 979 2555 iam
999 2510 1296 2562 dubitabimuS‚
1327 2509 1430 2566 quin
1460 2509 1504 2552 in
1535 2509 1672 2553 insula

119 2584 278 2638 ,Ναθῶ
315 2584 402 2628 cusi
421 2586 464 2627 et
492 2583 609 2626 illinc
638 2583 683 2625 in
704 2583 986 2626 continentem
1016 2580 1208 2625 translati
1227 2581 1324 2623 sint.
1367 2580 1497 2624 Plane
1515 2581 1672 2624 Earino

113 2656 314 2701 assentior
354 2654 507 2699 dicenti
550 2653 666 2710 (pag.
701 2655 803 2710 122)
855 2668 994 2723 aereos
1036 2666 1227 2695 nummos
1267 2651 1354 2695 fere
1396 2652 1441 2694 in
1483 2652 1534 2694 iis
1572 2652 1672 2707 ipsis
