1793 2851
702 803 1039 852 Exoursus
1077 803 1111 851 I.

457 918 540 980 De
585 918 1021 981 Nesiotarum
1066 919 1370 981 decreto.

247 1077 390 1120 Titulo
421 1077 474 1119 ab
504 1076 660 1120 Earino
690 1077 860 1121 invento
890 1077 1156 1121 Nesiotarum
1196 1078 1406 1121 decretum
1437 1078 1686 1129 continetur,

130 1148 242 1203 quod
281 1147 326 1189 in
366 1147 567 1190 honorem
607 1147 829 1203 Thersippi
868 1148 1023 1191 factum
1063 1150 1137 1190 est.
1200 1147 1241 1190 Is
1271 1147 1539 1191 Nesiotarum
1577 1162 1686 1190 rem-

128 1218 340 1274 publicam
360 1218 578 1273 permultis
598 1218 809 1261 beneficiis
838 1219 918 1261 sibi
949 1219 1203 1261 devinxerat.
1250 1218 1392 1261 Civem
1421 1218 1687 1262 Nesiot‘arum

131 1304 226 1332 eum
256 1288 383 1331 fuisse
413 1280 600 1344 opinor;'
624 1288 697 1344 qui
727 1288 808 1331 nisi
839 1289 1004 1341 fuisset,
1036 1289 1074 1332 ei
1104 1293 1275 1345 propter
1303 1304 1459 1346 magna
1488 1289 1689 1332 beneficia

129 1359 282 1415 quibus
311 1358 580 1402 Nesiotarum
609 1359 911 1414 rempublicam
940 1360 1156 1412 affecerat,
1187 1360 1297 1403 inter
1327 1363 1482 1403 ceteros
1511 1359 1688 1402 honores

128 1432 230 1484 tunc
260 1429 299 1472 ei
330 1430 513 1473 decretos
544 1429 690 1473 civitas
720 1445 885 1486 quoque
915 1430 1012 1472 data
1041 1433 1159 1473 esset.
1221 1430 1301 1473 Sed
1332 1430 1511 1473 civitatis
1540 1430 1584 1472 in
1616 1430 1687 1473 de-

111 1503 242 1552 ⁴creto
282 1499 399 1542 nullo
437 1500 529 1543 loco
568 1500 726 1542 mentio
769 1500 831 1542 fit.
892 1499 982 1543 Nec
1023 1501 1196 1543 dubium
1226 1504 1300 1553 est,
1333 1501 1436 1556 quin
1466 1500 1686 1555 Thersippi

129 1570 279 1625 patria,
310 1574 359 1613 ut
387 1570 432 1613 in
463 1570 633 1613 h‘uiusce
663 1571 827 1626 generis
857 1570 1196 1626 inscriptionibus
1227 1570 1376 1613 assolet
1389 1603 1399 1622 ,
1436 1571 1482 1612 in
1511 1570 1584 1613 illo
1615 1570 1686 1612 de-

130 1644 242 1683 creto
273 1640 509 1696 significata
539 1643 656 1691 esset,
687 1640 766 1682 nisi
797 1641 885 1695 ipse
913 1640 1088 1684 Naeiota
1118 1641 1276 1683 fuisset.

248 1711 379 1755 Primi
419 1710 501 1754 duo
541 1725 681 1754 versus
721 1711 823 1754 adeo
853 1711 992 1754 mutili
1021 1713 1137 1764 sunt,
1168 1714 1217 1754 ut
1246 1711 1346 1767 quid
1376 1711 1420 1753 in
1450 1710 1501 1753 iis
1530 1710 1687 1754 dictum

130 1783 281 1835 fuerit,
322 1772 560 1825 coniectura
594 1782 715 1824 nobis
765 1782 1047 1837 quaerendum
1087 1782 1156 1824 sit.
1226 1781 1461 1824 Verisimile
1501 1784 1585 1834 est,
1627 1782 1687 1823 ibi

130 1853 351 1905 amicitiae,
378 1867 485 1907 quae
506 1851 738 1907 Thersippo
759 1867 854 1894 cum
877 1851 1113 1895 Alexandro
1134 1852 1291 1908 Magno
1311 1855 1413 1904 erat,
1433 1853 1687 1894 mentionem

129 1924 284 1966 factam
304 1923 444 1965 fuisse.
494 1921 607 1965 Nam
626 1922 661 1964 si
692 1921 762 1965 hic
781 1921 1036 1979 Thersippus
1064 1923 1175 1965 idem
1205 1927 1279 1975 est,
1311 1923 1361 1966 de
1381 1937 1464 1979 quo
1484 1923 1687 1966 Arrianus

130 1995 174 2036 in
204 1994 279 2036 lib.
311 1993 368 2035 II.
404 1994 472 2034 14.
504 1993 532 2034 4
562 1992 771 2047 loquitur,
813 1993 897 2035 iam
936 1993 1127 2035 dubitare
1167 2007 1253 2035 non
1293 1993 1519 2048 poterimus
1533 2026 1544 2044 ,
1585 1993 1687 2048 quin

130 2064 310 2106 multum
350 2063 460 2118 apud
490 2062 778 2105 Alexandrum
817 2065 860 2105 et
889 2077 958 2105 eos
971 2096 981 2115 ,
1019 2062 1093 2118 qui
1123 2062 1362 2106 Alexandro
1392 2066 1687 2115 successerunt,

130 2135 322 2177 valuerit.
368 2133 446 2176 Ille
476 2134 588 2176 enim
609 2134 833 2176 memoriae
852 2133 1048 2188 prodidit,
1069 2133 1354 2176 Alexandrum
1374 2137 1468 2189 post
1487 2147 1687 2189 pugnam,

131 2219 216 2260 qua
235 2203 412 2246 Darium
433 2203 545 2259 apud
564 2203 698 2246 Issum
718 2204 882 2256 devicit,
915 2202 1190 2258 Thersippum
1224 2203 1276 2246 ad
1297 2203 1517 2246 Persarum
1546 2217 1687 2258 regem

130 2275 318 2330 legatum
347 2274 518 2317 misisse.

250 2345 405 2388 Versus
437 2346 491 2388 16
506 2359 569 2400 sq.
600 2348 648 2387 ut
685 2359 811 2400 supra
840 2344 1019 2387 diximus
1055 2336 1140 2387 iam
1170 2344 1214 2386 in
1244 2359 1356 2399 corp.
1387 2345 1510 2388 inser.
1542 2344 1687 2387 Graec.

131 2415 231 2457 editi
261 2419 372 2458 sunt.
434 2415 483 2457 Id
522 2429 623 2471 ergo
664 2415 717 2457 ab
748 2415 904 2457 Earino
946 2415 998 2457 ad
1027 2415 1276 2469 supplendas
1316 2414 1466 2456 horum
1496 2428 1688 2457 versuum

130 2485 301 2528 lacunas
331 2485 615 2528 adhibendum
644 2484 794 2527 fuerat.
848 2485 1205 2528 Verisimillimum
1237 2484 1348 2526 enim
1377 2485 1557 2540 lapidem
1587 2487 1688 2527 tunc

132 2571 228 2599 cum
248 2555 294 2598 hi
318 2557 371 2599 16
393 2570 534 2599 versus
553 2555 737 2611 primum
767 2556 1119 2608 describebantur,
1150 2555 1196 2598 in
1215 2555 1383 2598 sinistra
1402 2558 1521 2611 parte
1550 2556 1688 2599 minus

131 2626 372 2669 mutilatum
401 2625 527 2669 fuisse
557 2640 685 2680 quam
715 2626 851 2669 hodie.
