1793 2851
692 923 1131 993 Praefatio.

255 1177 501 1233 Priusquam
545 1177 597 1218 ad
632 1191 720 1219 rem
760 1176 891 1231 ipsam
928 1176 1168 1232 aggrediar,
1212 1192 1343 1231 pauca
1374 1177 1478 1219 mihi
1507 1178 1686 1232 praefari

135 1250 271 1293 liceat.
305 1274 358 1281 —-

255 1320 318 1362 De
358 1320 624 1361 Nesiotarum
664 1319 877 1374 republica
926 1334 1122 1373 quaerere
1166 1319 1270 1360 mihi
1313 1320 1571 1375 propositum
1611 1323 1685 1361 est.

136 1391 228 1433 Etsi
268 1391 442 1433 materia
481 1390 570 1444 ipsa
584 1423 593 1441 ‚
637 1404 763 1444 quam
803 1392 1055 1431 tractaturus
1094 1404 1185 1430 sum
1199 1423 1210 1442 ‚
1241 1405 1325 1432 non
1355 1391 1415 1433 ita
1443 1390 1582 1445 ampla
1611 1393 1686 1442 est,

138 1465 279 1506 tamen
308 1476 375 1504 me
407 1475 574 1515 operam
604 1459 827 1514 perdidisse
856 1473 942 1502 non
972 1459 1165 1501 arbitror.

255 1532 425 1574 Etenim
463 1531 507 1572 in
547 1531 763 1573 literarum
805 1530 952 1572 studiis
992 1530 1102 1572 idem
1143 1530 1229 1572 fere
1270 1531 1440 1582 accidit,
1488 1531 1599 1585 quod
1644 1531 1689 1572 in

138 1602 331 1657 operibus
351 1600 581 1651 tessellatis,
612 1602 660 1641 ut
679 1599 834 1655 singuli
854 1599 1000 1654 lapilli,
1032 1600 1220 1654 quamvis
1250 1600 1388 1654 pusilli
1419 1601 1515 1653 sint,
1546 1604 1688 1643 tamen

138 1672 247 1714 inter
262 1687 305 1714 se
335 1670 544 1713 coniuncti
576 1673 617 1712 et
646 1670 689 1714 in
721 1673 879 1712 eertum
909 1669 1095 1711 ordinem
1125 1670 1279 1712 redacti
1308 1671 1563 1725 praeclaram
1595 1686 1688 1727 spe-

82 1750 84 1752 ’
137 1743 240 1785 ciem
271 1742 510 1797 praebeant.

256 1813 391 1863 Quare
434 1812 533 1854 satis
563 1811 781 1864 haberem,
812 1812 847 1853 si
877 1826 1049 1866 parvam
1079 1811 1196 1853 illam
1227 1826 1327 1863 rem,
1358 1828 1485 1868 quam
1513 1814 1687 1868 suscepi,

138 1884 261 1938 plane
292 1882 569 1925 absolvissem.
621 1882 779 1925 Verum
808 1882 933 1937 longe
964 1882 1122 1934 absum,
1154 1885 1201 1923 ut
1230 1882 1309 1924 hoe
1329 1882 1510 1926 fecerim.
1551 1883 1687 1926 Multa

138 1954 246 1996 enim
269 1952 532 2004 obstiterunt,
564 1952 785 2007 quominus
805 1954 940 1994 totum
960 1967 1026 1994 me
1047 1951 1145 1994 huic
1174 1951 1306 1994 labori
1329 1952 1481 2005 darem,
1512 1953 1556 1995 id
1575 1954 1686 2009 quod

138 2023 257 2065 valde
277 2022 408 2065 doleo.
459 2022 528 2064 Me
547 2037 811 2077 nequaquam
841 2022 965 2077 fugit,
996 2021 1148 2063 multas
1168 2024 1304 2075 partes
1328 2024 1687 2082 commentationis

137 2108 252 2135 meae
292 2107 378 2135 non
419 2092 518 2135 satis
557 2092 780 2148 perpolitas
811 2107 915 2143 esse;
953 2092 1075 2134 modo
1106 2092 1217 2134 enim
1245 2092 1374 2134 nimis
1397 2092 1548 2149 longus
1577 2109 1685 2147 sum,

137 2164 259 2206 modo
290 2178 438 2219 pamm
468 2163 668 2218 copiosus.

256 2235 409 2285 Quodsi
438 2237 579 2276 tamen
609 2233 722 2276 huno
751 2233 940 2276 libellum
961 2233 1005 2274 in
1035 2233 1247 2286 publicum
1279 2233 1397 2275 edere
1428 2249 1550 2276 ausus
1580 2250 1686 2287 sum,

137 2304 242 2346 mihi
274 2304 397 2347 velim
426 2303 547 2346 venia
577 2304 708 2346 detur.
744 2327 796 2333 —

254 2374 334 2417 His
361 2375 480 2417 libris
509 2389 605 2417 usus
635 2390 750 2417 sum:
804 2409 806 2411 v

399 2444 451 2486 R.
482 2443 598 2486 Weil
642 2445 687 2486 in
717 2444 896 2486 Bursian
934 2442 1267 2495 „Jahraebericht
1309 2442 1412 2484 iiber
1456 2443 1522 2486 die
1562 2443 1687 2487 Fort-

277 2514 450 2557 sohritte
460 2515 532 2557 der
542 2515 794 2558 klassisehen
807 2512 1341 2557 Altertumswissensehaft“
1367 2514 1494 2557 1876.
1499 2514 1599 2566 vo.l
1607 2514 1686 2557 ΙΙΙ.

278 2598 376 2639 pag.
392 2586 503 2635 4613
525 2585 578 2627 ef.
601 2585 646 2627 C.
669 2571 867 2627 Curtius
855 2600 898 2626 m
920 2583 1101 2626 eiusdem
1119 2583 1217 2625 libri
1238 2598 1334 2625 ann.
1360 2585 1486 2627 1878.
1509 2585 1590 2627 vol.
1608 2585 1686 2628 III.

277 2668 374 2709 pag.
408 2656 476 2697 70.
511 2678 566 2685 —

1433 2738 1478 2772 1*
