1793 2851
760 109 1049 162 ÷15—

243 235 430 289 Accedit,
460 238 572 292 quod
601 241 744 280 nostra
772 251 938 293 quoque
967 240 1102 281 aetate
1131 237 1206 280 illa
1235 238 1372 281 insula
1401 254 1496 282 oum
1527 254 1553 281 a
1575 239 1676 282 Les-

124 306 204 349 biis
233 309 276 350 et
305 307 359 350 ab
388 307 462 360 iis,
504 307 577 364 qui
606 308 651 350 in
682 307 1067 362 continenti-sunt,
1109 311 1199 351 tum
1242 308 1296 351 ab
1338 308 1437 365 ipsis
1475 308 1677 352 insulanis

123 373 300 434 „Nqoe‘
331 378 548 434 apellatur.
608 378 740 420 Miror
768 393 835 421 me
864 379 909 420 in
939 378 1056 421 nulla
1094 379 1281 421 omnium
1311 395 1414 435 quas
1443 380 1677 423 examinavi

122 447 362 492 tabularum
391 463 543 492 nomen
572 449 811 505 repperisse,
842 449 953 505 quod
981 448 1155 502 Graeci,
1186 450 1259 505 qui
1289 465 1401 494 nunc
1429 453 1546 504 sunt,
1578 450 1676 494 huic

123 518 281 563 insulae
322 520 535 563 dederunt.
596 520 774 564 Earinus
804 523 944 563 autem
973 520 1096 576 plane
1126 524 1169 564 et
1198 524 1340 577 aperte
1369 521 1553 565 affirmat
1567 554 1578 575 ‚
1609 522 1675 564 in-

123 589 258 633 sulam
287 606 399 634 nunc
429 595 471 634 et
501 591 554 634 ab
583 591 729 634 ineolis
758 592 846 634 eius
876 594 918 634 et
947 607 973 634 a
1002 591 1149 635 vicinis
1180 588 1356 648 ,,Νησί“
1386 593 1674 648 nominari¹⁸).

240 660 330 704 Nos
358 661 514 713 Earino
544 663 632 705 sine
662 662 748 704 ulla
778 662 1037 704 dubitatione
1067 662 1192 705 fidem
1221 662 1466 705 habebimus
1479 696 1490 715 ,
1521 663 1675 719 quippe

122 747 217 774 cum
247 732 335 788 ipse
364 747 506 776 omnes
535 733 628 775 illas
657 733 847 789 regiones
876 733 1031 775 viserit.

240 802 351 863 Illud
381 799 557 860 ,,Νησί“
588 819 639 847 ex
670 799 894 860 ,,Νησιόν“
925 806 1064 846 ortum
1095 806 1169 846 est.
1230 803 1320 847 Nec
1350 806 1491 846 tamen
1521 804 1674 847 idcireo

123 874 176 916 ab
208 874 391 930 antiquis
419 874 600 917 insulam
621 876 697 925 „N
699 870 848 930 ησίον“
880 874 1131 930 appellatam
1161 889 1246 918 esse
1276 874 1531 928 crediderim,

238 957 408 1000 Nullius
448 957 577 1000 enim‘
600 957 799 1000 momenti
841 960 945 1012 puto
976 956 1178 1012 Stephani
1208 957 1402 1013 Byzantii
1442 972 1527 1000 esse
1556 957 1673 1000 testi-

121 1028 308 1070 monium
338 1028 534 1071 dicentis:

180 1109 329 1167 Νῆσος
347 1123 357 1133 ·
390 1105 416 1167 ἡ
447 1107 492 1168 ἐν
523 1108 728 1167 θαλάσσῃ
759 1103 900 1160 πόλις.
946 1105 969 1151 ὁ
1009 1103 1168 1167 ταύτην
1214 1105 1343 1152 οἰκῶν
1383 1105 1569 1167 νησίτης,
1616 1103 1674 1160 ὥς

344 1226 354 1238 ⁰
390 1173 602 1235 Κάνωβος
630 1176 900 1238 Κανωβίτης.
941 1180 1017 1222 τοῦ
1062 1177 1111 1222 δὲ
1155 1175 1301 1237 νησίον
1345 1174 1554 1238 νησιώτης
1599 1178 1675 1223 καὶ

391 1252 591 1310 νησιῶτις
611 1251 825 1310 θηλυκῶς,
847 1249 923 1293 καὶ
942 1252 1117 1309 νησαῖος
1138 1246 1198 1302 ὥς
1217 1252 1425 1307 χερσαῖος.
1451 1247 1502 1294 τό
1523 1266 1671 1309 κτητι-

390 1320 466 1366 κὸν
496 1319 760 1382 νησιωτικός.
804 1320 898 1366 ἔστι
929 1322 1003 1365 καὶ
1032 1322 1182 1379 Νῆσος
1213 1316 1342 1373 πόλις
1370 1318 1576 1381 Ἰβηρική.

242 1513 301 1558 13)
325 1514 369 1549 111
385 1513 523 1549 tabulis
540 1513 799 1559 geographicis
815 1513 938 1548 insula
954 1509 1124 1553 ,,Νῆσος“
1140 1510 1476 1555 »Μοσχοννῆσιον“
1493 1513 1553 1549 vel
1573 1513 1672 1557 „Mu-

120 1570 286 1608 konnisi“
316 1572 507 1619 appellata
540 1573 606 1608 est.
656 1571 829 1607 Conferas
862 1571 925 1607 Ch.
953 1570 1084 1606 Texier
1120 1569 1365 1615 „description
1396 1570 1442 1606 de
1466 1571 1578 1607 l'Asie
1603 1572 1671 1606 mi-

120 1630 266 1668 neure⁴‘.
300 1631 404 1667 Paris
423 1630 525 1668 1849.
550 1631 595 1667 Π.
620 1643 706 1678 pag.
719 1630 808 1666 212:
838 1659 852 1674 „
881 1657 889 1664 .
907 1658 915 1666 .
934 1656 942 1664 .
966 1629 1069 1666 Nous
1094 1628 1341 1675 sejournames
1373 1629 1532 1675 quelque
1548 1632 1669 1678 temps

121 1690 213 1725 dans
237 1690 272 1726 le
296 1691 381 1736 port
405 1690 451 1726 de
468 1690 703 1733 Mosco-Nisi,
728 1701 821 1736 pour
844 1690 1019 1725 ohercher
1042 1689 1095 1725 les
1120 1688 1243 1724 ruines
1268 1688 1314 1723 de
1335 1688 1517 1734 plusieurs
1534 1690 1670 1735 petites

86 1751 91 1755 '
119 1749 227 1785 villes
251 1749 297 1785 de
321 1749 360 1784 la
384 1750 465 1785 cote
490 1776 498 1784 .
517 1777 525 1785 .
545 1777 552 1785 .
578 1749 784 1795 L'archipel
809 1748 855 1785 de
879 1744 1103 1784 Mosco—Nisi
1127 1746 1221 1783 etait
1254 1746 1387 1793 appele
1405 1747 1514 1794 ‚dans
1546 1748 1670 1785 l'anti-

120 1807 224 1852 quites
252 1807 545 1850 ,Hecatonnese“
573 1808 776 1853 parcequ’il
800 1807 894 1843 etait
918 1807 1025 1843 dedi&
1040 1808 1065 1842 a
1080 1806 1240 1852 Apollon
1255 1805 1449 1842 Hecateus.
1492 1806 1549 1842 On
1565 1819 1670 1853 aper-

120 1865 205 1913 00115,
232 1877 278 1902 611
302 1866 433 1901 dehors
458 1866 508 1901 du
532 1868 628 1912 port,
652 1878 704 1901 un
727 1866 825 1912 petit
849 1865 1014 1912 arehipel
1038 1865 1084 1901 de
1108 1864 1253 1900 rochers
1278 1864 1432 1901 afides‘.

213 1922 714 1969 Νο111611,,Μοσχοννῆσιον“
736 1925 892 1961 Earinus
917 1925 1003 1960 inde
1027 1926 1150 1960 ortum
1175 1934 1253 1960 esse
1278 1923 1395 1967 docet,
1421 1925 1519 1968 quod
1535 1937 1670 1961 nomen

119 1983 262 2020 insulae
288 1995 370 2020 cum
394 1984 507 2020 titulo
532 1983 695 2030 episcopi
719 1984 910 2020 cuiusdam
934 1983 1126 2020 confusum
1150 1983 1210 2019 sit

238 2042 445 2087 Quaeritur,
469 2055 558 2079 num
583 2043 652 2079 1100
676 2055 804 2080 verum
829 2043 896 2086 sit3
921 2055 1009 2079 nam
1033 2042 1189 2079 Earinus
1221 2043 1260 2078 in
1284 2042 1465 2089 pag.139
1491 2043 1588 2079 hane
1613 2043 1668 2079 fa-

119 2102 246 2138 bulam
269 2101 394 2138 affert:

376 2171 585 2217 »Λέγουσιν
620 2184 674 2207 οτι
708 2169 904 2220 νᾳύαρχός
946 2182 999 2211 τις
1047 2170 1202 2217 Τοῧρκος
1238 2169 1315 2216 πρό
1358 2181 1466 2205 τινων
1507 2171 1668 2218 περίπου

258 2228 431 2270 »αἰώνων
454 2229 730 2275 ἆποβιβασθεὶς
753 2231 806 2269 εἰς
833 2231 895 2273 τήν
919 2230 1032 2273 νῆσον
1056 2230 1189 2275 ἔρημον
1222 2230 1304 2263 τότε
1337 2226 1457 2265 οὖσαν
1487 2232 1549 2264 καὶ
1574 2232 1670 2264 θαυ-

257 2289 406 2337 ,,μα’σας
430 2288 473 2323 τό
497 2288 627 2328 κάλλος
646 2286 758 2332 αὐτῆς
780 2289 936 2333 ἠθέλησε
960 2287 1011 2323 ra*
1033 2287 1099 2331 τῆν
1122 2286 1322 2332 κατοικήσῃ.
1348 2286 1494 2332 Πρῶτος
1520 2286 1559 2321 δὲ
1582 2287 1669 2322 κάτ-

257 2361 389 2389 „omos
411 2347 526 2391 αὐτῆς
557 2346 701 2394 ὑπῆρξέ
738 2347 935 2394 διαβόητός
966 2361 1019 2387 τις
1054 2346 1226 2392 πειρατὴς
1251 2345 1407 2391 Μόσχος
1430 2345 1668 2393 καλούμενος,

256 2406 327 2447 »ὃν
350 2406 543 2452 συλλαβῶν
566 2405 830 2452 ἐγκατέστησεν
854 2407 909 2445 εἰς
932 2405 998 2448 τὴν
1020 2405 1129 2448 νῆσον
1153 2404 1249 2450 peto?
1273 2403 1350 2439 τῶν
1372 2403 1529 2448 ἑταίρων
1553 2403 1668 2440 αὑτοῖ-

254 2466 341 2506 ,,και“
373 2465 448 2500 τῶν
481 2464 715 2511 οἰκογενειῶν
747 2464 883 2502 αὐτῶν.
931 2464 1128 2500 Ἐντεῦθεν
1160 2463 1203 2498 δὲ
1227 2461 1250 2507 ἤ
1273 2462 1383 2506 νῆσος
1418 2461 1554 2507 ἐκλήθη
1591 2468 1668 2499 Μο-

257 2524 486 2570 ,,σχο’ννησος
509 2525 571 2558 καὶ
596 2524 640 2557 σό
659 2523 923 2582 ἔὶρχιπέλαγος
946 2521 1245 2567 Μοσχοννήσιαΐὲ.

235 2596 391 2631 Earinus
416 2596 507 2631 haec
529 2595 769 2642 ,,ληρη’ματα“
793 2596 1008 2642 appellavit,
1033 2598 1160 2631 tamen
1176 2597 1277 2640 puto,
1303 2594 1405 2629 iniis
1424 2595 1567 2639 aliquid
1586 2596 1664 2631 veri

118 2652 248 2691 inesse.
298 2653 405 2689 Unde
429 2653 529 2689 enim
553 2654 641 2690 talis
665 2654 822 2690 fabula?
