1793 2851
225 885 366 927 Insula
380 886 533 928 Lesbos
549 901 573 927 a
589 885 818 928 continenti
840 885 962 928 Asiae
983 886 1034 928 ad
1054 885 1376 940 septentrionem
1396 888 1438 928 et
1456 885 1658 929 orientem

107 970 246 998 versus
275 955 382 998 freto
396 957 429 1011 ¹)
461 956 666 998 disiuncta
696 959 770 1007 est,
802 956 913 1011 quod
954 956 1006 998 ab
1037 956 1219 1011 antiquis
1266 955 1401 1006 „sinus
1432 952 1658 1012 Adramyt-

106 1021 248 1071 tenus“
262 1028 296 1082 ²)
327 1027 413 1069 sive
450 1027 642 1079 „Idaeus“
680 1027 982 1082 appellabatur.
1030 1027 1079 1069 In
1101 1042 1148 1069 eo
1169 1027 1281 1068 haud
1307 1027 1453 1081 procul
1483 1043 1508 1069 a
1536 1027 1658 1070 litore

105 1097 241 1150 Mysio
259 1096 416 1140 multae
435 1097 595 1140 insulae
618 1112 783 1160 sparsae
813 1100 923 1149 sunt,
955 1112 1060 1153 quae
1089 1097 1379 1153 magnitudine
1409 1097 1530 1140 valde
1549 1097 1659 1141 inter

104 1184 147 1212 se
189 1169 408 1219 differunt;
451 1169 682 1223 permultae
732 1184 874 1211 earum
914 1171 1002 1211 tam
1042 1184 1194 1223 parvae
1236 1171 1334 1210 sunt
1348 1202 1358 1220 ‚
1398 1171 1447 1210 ut
1489 1172 1659 1224 propter

105 1240 303 1295 exiguum
345 1239 548 1282 ambitum
590 1239 772 1282 habitari
812 1242 1034 1295 nequeant.
1111 1239 1281 1282 Veteres
1320 1253 1388 1281 eas
1425 1238 1657 1290 „Hecaton-

104 1312 245 1353 nesos“
258 1311 293 1362 ⁸)
316 1310 601 1365 appellabant3
632 1310 682 1353 de
702 1325 875 1352 numero
896 1325 1038 1352 earum
1060 1310 1131 1352 alii
1152 1310 1274 1352 aliter
1293 1309 1583 1365 sentiebant‘).
1605 1334 1656 1340 ψ-

222 1381 386 1424 Primus
401 1381 587 1424 omnium
602 1381 850 1437 scriptorum
866 1381 1133 1437 antiquorum
1148 1381 1382 1424 Herodotus
1397 1381 1442 1423 in
1453 1396 1542 1436 cap.
1558 1382 1638 1423 151
1647 1414 1656 1422 .

48 1503 54 1507 ἣ
104 1452 201 1493 libri
231 1452 354 1507 primi
387 1451 769 1494 Hecatonnesorum
799 1451 1051 1493 mentionem
1082 1451 1184 1493 facit
1215 1451 1279 1493 his
1310 1451 1468 1493 verbis:

224 1602 258 1647 1)
285 1604 356 1646 Qui
391 1603 593 1649 perfectam
628 1603 778 1639 illarum
814 1603 1008 1650 regionum
1040 1603 1215 1638 notitiam
1239 1603 1387 1639 haurire
1412 1604 1571 1640 voluerit
1585 1632 1594 1647 ‚
1620 1605 1655 1640 ei

104 1662 257 1698 tabulae
283 1674 305 1697 a
329 1661 519 1697 Britannis
535 1690 543 1704 ‚
585 1661 794 1697 hominibus
833 1673 953 1698 rerum
990 1661 1224 1697 nauticarum
1262 1662 1372 1708 longe
1409 1662 1654 1708 peritissimis,

105 1720 293 1757 confectae
308 1720 560 1766 inspiciendae
577 1722 696 1756 erunt.
737 1720 852 1756 Doleo
869 1720 965 1765 quod
992 1720 1071 1766 ipse
1096 1731 1158 1755 eas
1182 1721 1407 1766 perscrutari
1431 1733 1507 1757 non
1530 1722 1653 1768 potui;

103 1785 264 1825 n'amque
288 1779 329 1814 in
351 1780 457 1814 nulla
479 1779 693 1815 Monacensi
709 1779 936 1815 bibliotheca
958 1778 1208 1815 inveniuntur.
1249 1779 1369 1822 Quare
1386 1791 1469 1816 eam
1485 1781 1654 1816 tabulam

104 1839 281 1882 consului,
307 1850 420 1883 quam
436 1838 553 1875 Conze
578 1838 672 1874 libro
697 1849 773 1881 suo,
799 1837 864 1884 qui
892 1837 1020 1880 „Reise
1045 1838 1113 1873 auf
1134 1838 1200 1873 der
1223 1838 1321 1874 Insel
1343 1838 1498 1875 Lesbos¹‘
1527 1839 1654 1889 inscri-

104 1898 221 1941 bitur,
257 1897 413 1933 addidit.
462 1897 497 1932 Is
522 1896 726 1943 Anglorum
750 1896 888 1932 tabulis
912 1895 1072 1932 nauticis
1097 1908 1183 1932 usus
1209 1899 1281 1939 est,
1316 1899 1358 1933 ut
1382 1897 1422 1933 in
1446 1909 1531 1944 pag.
1557 1898 1653 1935 Vm.

103 1958 306 2004 profitetur.
348 1956 521 1992 Conzium
545 1956 663 2003 igitur
687 1958 833 1992 secutus
857 1956 937 2002 ipse
961 1955 1002 1991 in
1025 1956 1155 2006 tabula
1180 1956 1356 1992 adiuncta
1379 1957 1580 2002 regionem,
1606 1957 1652 1994 de

104 2029 178 2062 qua
202 2017 436 2063 quaesiturus
461 2029 553 2060 sum,
579 2016 766 2063 descripsi.

222 2075 258 2119 2)
282 2076 361 2112 Hoc
377 2087 512 2112 nomen
529 2076 628 2122 apud
645 2077 787 2111 veteres
811 2075 1026 2121 ambiguum
1053 2077 1145 2117 erat,
1170 2075 1227 2110 uti
1253 2087 1298 2110 ex
1316 2075 1506 2111 Strabonis
1532 2077 1653 2112 verbis

103 2134 182 2179 (lib.
207 2134 295 2170 XIII
317 2146 403 2181 pag.
422 2133 502 2170 606.
521 2133 574 2177 C.)
599 2136 766 2181 apparet.
815 2133 892 2169 Alii
916 2133 1015 2170 enim
1039 2134 1178 2169 laxiore
1203 2133 1373 2169 vocabuli
1398 2145 1507 2169 sensu
1531 2137 1652 2170 totam

103 2194 215 2230 maris
239 2196 385 2240 partem
409 2193 496 2230 inde
521 2205 544 2229 a
567 2193 680 2230 Lecto
703 2192 954 2239 promontorio
990 2204 1107 2238 usque
1133 2193 1180 2228 ad
1206 2192 1323 2228 Canas
1348 2194 1653 2238 promontorium,

103 2254 170 2290 alii
206 2254 353 2301 proprie
386 2265 469 2290 eum
506 2253 646 2296 sinum,
685 2253 750 2299 qui
774 2253 1023 2298 Gargar-orum
1056 2252 1305 2299 promontorio
1341 2254 1380 2288 et
1404 2253 1547 2298 Pyrrha
1571 2265 1654 2299 pro·

103 2313 285 2350 montorio
309 2312 534 2355 includitur,v
548 2312 670 2348 sinum
698 2310 1049 2358 „Admmyttenum‘
1078 2311 1330 2357 appellabant.
1356 2329 1403 2334 -—

219 2371 256 2416 3)
282 2371 415 2408 Strabo
439 2371 538 2407 XIII.
574 2383 660 2418 pag.
686 2370 766 2407 618.
798 2371 842 2412 C3
884 2371 978 2407 conf.
1011 2370 1180 2407 Meineke
1214 2370 1262 2405 ad
1299 2369 1530 2416 Stephanum
1566 2370 1651 2416 Byz.

101 2443 188 2478 pag.
216 2431 294 2474 121,
332 2433 370 2467 et
403 2431 567 2466 eiusdem
604 2426 801 2477 „philolog.
836 2430 984 2466 exercit.
1017 2430 1058 2464 in
1089 2428 1272 2464 Athenaei
1305 2428 1648 2475 deipnosophistas“

102 2490 252 2536 specim.
276 2489 323 2525 11.
348 2489 446 2535 Lips.
474 2488 577 2525 1846.
602 2500 691 2535 pag.
715 2488 772 2525 29.
799 2506 842 2513 —-

155 2554 157 2556 ’
218 2547 256 2592 4)
281 2549 414 2585 Strabo
438 2548 588 2594 quidem
612 2549 885 2585 Hecatonnesos
917 2548 966 2583 ad
989 2546 1126 2593 viginti
1149 2546 1289 2582 insulas
1314 2557 1393 2582 esse
1417 2549 1562 2589 censet,
1589 2547 1653 2583 sed

101 2609 228 2643 tamen
264 2607 371 2643 addit
385 2634 393 2649 ,
430 2592 882 2643 Timosthenem⁵insulas
908 2605 1158 2652 quadraginta
1188 2616 1266 2641 esse
1291 2604 1448 2641 dixisse.
1496 2605 1652 2641 Earinus

101 2665 181 2712 ipse
212 2665 392 2709 affirmat,
428 2666 702 2703 Hecatonnesos
735 2665 986 2713 quadraginta
1009 2664 1150 2701 insulas
1186 2676 1283 2708 esse,
1318 2677 1475 2710 quarum
1499 2665 1652 2701 nomina

100 2725 141 2760 in
163 2736 250 2771 pag.
278 2723 354 2760 145.
381 2725 702 2762 commentationis
728 2737 816 2762 suae
840 2724 1117 2761 accuratissime
1142 2726 1344 2761 enumerat.
