1793 2851
743 138 914 181 —-17
978 162 1030 167 .-

229 264 320 309 Neo
348 267 490 308 tamen
520 265 558 308 ei
577 265 798 317 assentior;
831 266 932 322 quid
963 267 1087 319 enim,
1118 266 1153 310 si
1181 281 1276 310 eum
1296 281 1574 323 sequeremur,
1604 268 1667 312 illi

112 330 278 393 ,,ὄὶλλη“
309 337 566 379 faceremus?
616 337 804 388 Quonam
835 338 1060 393 pertineret
1076 339 1097 379 ’ἒ
1153 337 1269 380 Num
1300 338 1352 380 ad
1382 339 1667 382 antecedentia

112 408 262 450 verba:
295 401 494 458 ,,πόλ.εως
522 401 723 463 ταύτης“,
755 408 815 451 ita
844 412 893 452 ut
922 412 1027 452 efflet
1056 401 1191 464 „132va
1221 401 1414 459 πόλις“’ἓ

151 506 153 508 ·
229 496 346 547 Quod
376 496 411 537 si
441 495 502 538 ita
532 499 649 547 esset,
680 495 750 538 hic
779 496 1000 539 verborum
1030 499 1246 539 contextus
1277 500 1406 539 esset:

371 608 534 627 .....
567 574 642 618 καὶ
662 573 748 633 πρὸ
769 577 848 634 τῆς
868 571 1035 628 πόλεως
1055 570 1214 634 ταύτης
1234 571 1340 634 ἄλλη
1362 577 1467 631 (scil.
1489 572 1617 627 πόλις
1632 582 1663 630 !)

252 647 412 706 Νῆσος,
444 643 600 700 μείζων
630 645 764 705 αὐτῆς
795 648 851 705 (9)
883 646 957 690 καὶ
988 643 1116 698 πόλις
1148 649 1192 704 (Ξ)
1225 641 1449 702 ὁμώνυμος
1470 683 1480 692 .
1505 683 1514 693 .
1538 653 1565 673 “

227 736 364 779 Nemo
395 737 542 792 opinor
561 736 640 778 sibi
661 737 935 791 persuadebit,
966 737 1092 779 talem
1111 737 1498 792 interpretationem
1522 752 1662 780 veram

111 821 208 849 esse.
244 832 296 838 —

227 877 297 919 An
337 877 440 919 illud
482 870 646 933 „3227st
678 877 730 919 ad
760 891 903 920 vocem
943 878 1256 932 subsequentem
1304 877 1513 934 ,,Νῆσος“
1555 879 1661 922 refe-

109 947 283 989 rendum
324 963 408 990 esse
444 948 713 1002 putabimus?
772 947 865 990 Hoc
906 948 941 990 si
982 963 1125 990 verum
1167 951 1272 991 aeset
1285 982 1294 1000 ,
1335 952 1408 991 aut
1447 949 1661 992 sio'seribi

108 1019 334 1071 oporteret:

249 1136 275 1156 ,‚
345 1139 354 1148 .
379 1139 388 1148 .
419 1098 524 1161 ἄλλη
553 1105 698 1162 νῆσος,
731 1104 899 1162 Νῆσος,
931 1101 1088 1158 μείζων
1118 1099 1251 1162 αὐτῆς
1280 1102 1356 1146 καὶ
1386 1099 1515 1156 πόλις
1545 1099 1659 1159 ὁμώ-

248 1188 379 1228 νυμος
412 1208 421 1218 .
446 1208 455 1217 .
480 1209 489 1217 .
523 1180 549 1200 “

108 1267 181 1305 aut
210 1264 313 1305 illud
344 1264 551 1320 ,,Νῆσος“
581 1264 705 1305 simul
734 1278 885 1305 nomen
907 1263 1204 1317 appellativum
1235 1266 1276 1304 et
1296 1264 1510 1317 proprium
1541 1268 1658 1315 efflet,

107 1334 218 1389 quod
254 1334 415 1377 dicendi
454 1348 585 1390 genus
627 1348 756 1389 aeque
792 1349 817 1376 a
858 1332 1016 1377 Graeco
1057 1336 1184 1388 atque
1225 1348 1250 1375 a
1289 1336 1430 1376 nostro
1470 1349 1659 1377 sermone

105 1405 229 1459 plane
259 1405 440 1447 alienum
471 1408 544 1447 est.
578 1429 631 1435 -

224 1475 332 1525 Quid
368 1475 499 1531 igitur
535 1475 803 1518 faciendum?
863 1474 1006 1516 Liceat
1045 1473 1149 1516 mihi
1190 1489 1324 1516 meam
1368 1475 1418 1517 de
1459 1474 1538 1518 hoo
1569 1475 1659 1518 1000

105 1545 354 1588 sententiam
384 1545 531 1587 dicere.

223 1627 335 1670 Ante
365 1628 505 1670 onmia
544 1627 763 1669 subditicia
791 1627 865 1669 illa
895 1627 1020 1669 verba
1051 1623 1157 1676 ,,καὶ
1186 1620 1346 1676 πόλις“
1384 1642 1406 1670 e
1436 1627 1657 1671 verborum

106 1701 302 1740 contextu
342 1698 590 1741 removenda
619 1713 704 1740 esse
733 1698 893 1752 opinor.
954 1697 1066 1739 Nam
1112 1697 1157 1738 in
1199 1697 1316 1739 nullo
1362 1697 1472 1739 bono
1514 1698 1654 1741 codice

103 1767 385 1809 inveniuntur.
447 1767 501 1809 Iis
531 1768 662 1822 igitur
691 1767 849 1809 omissis
880 1766 1096 1809 Strabonis
1126 1767 1252 1809 verba
1281 1767 1340 1809 sie
1368 1782 1515 1810 sanare
1545 1770 1655 1823 peri-

105 1837 271 1880 clitatus
301 1853 414 1880 sum:

490 1959 499 1968 .
525 1960 534 1969 .
566 1923 640 1968 καὶ
690 1921 775 1982 πρὸ
825 1926 902 1983 τῆς
952 1920 1119 1976 πόλεως
1168 1920 1327 1982 ταύτης
1376 1919 1481 1983 ἄλλη
1526 1926 1656 1985 νῆσος

246 1992 376 2049 (πολι)
392 1997 428 2051 P)
459 1993 638 2048 μείζων,
673 1992 806 2053 αὑτῆς
836 1991 1078 2050 ὁμώνυμος,
1117 1994 1271 2053 ἕρημος
1308 2012 1348 2038 κ.
1381 2011 1418 2041 τ.
1449 1996 1488 2040 λ.
1522 2029 1532 2038 .
1558 2031 1567 2039 .
1592 2031 1601 2040 .
1627 2004 1654 2023 “

221 2083 342 2125 Nihil
386 2083 517 2139 igitur
546 2084 704 2126 mutavi
718 2118 728 2136 ,
770 2085 850 2127 nisi
887 2086 998 2140 quod
1036 2085 1155 2127 illum
1186 2099 1309 2139 quem
1339 2085 1483 2127 dicunt
1512 2099 1654 2140 gram-

103 2154 244 2197 matici
271 2155 485 2209 „spiritum
505 2155 662 2197 lenem“
699 2156 810 2198 vocis
837 2189 853 2207 „
866 2156 1101 2195 AYTIDJ‘
1128 2156 1171 2197 in
1199 2155 1412 2210 „spiritum
1432 2159 1646 2210 asperum¹⁶

103 2225 301 2268 converti.

220 2295 376 2339 Vocem
406 2289 594 2346 ,,πόλις“
627 2299 788 2349 autem,
832 2311 938 2352 quae
976 2295 1020 2338 in
1050 2296 1166 2338 libris
1202 2310 1330 2337 manu
1359 2295 1523 2350 scriptis
1554 2299 1652 2339 ante

103 2361 316 2416 ,,μει’ζων“
348 2367 482 2421 posita
512 2370 586 2418 est,
618 2370 691 2409 aut
711 2367 983 2409 omittendam
1004 2382 1088 2409 esse
1118 2380 1275 2418 censeo,
1307 2368 1382 2407 aut
1411 2365 1456 2408 in
1478 2360 1650 2416 ,,πολύ“

103 2438 449 2480 commutandam.
493 2438 652 2480 Revera
673 2438 784 2480 enim
813 2437 949 2480 insula
979 2436 1184 2494 ,,Νῆσος“
1216 2450 1358 2478 omnes
1388 2439 1544 2478 ceteras
1563 2436 1651 2480 He—

102 2506 341 2560 catonnesos
372 2508 533 2550 ambitu
562 2508 620 2550 sio
650 2511 830 2563 superat,
862 2511 910 2550 ut
938 2508 972 2550 si
1003 2507 1098 2549 illae
1128 2507 1172 2549 in
1193 2521 1320 2548 unam
1349 2506 1529 2549 insulam
1550 2522 1650 2549 eon-

101 2571 332 2625 glutinatae
362 2580 509 2630 essent,
540 2577 663 2619 huius
693 2578 1024 2633 magnitudinem
1056 2580 1164 2619 certe
1193 2591 1279 2618 non
1309 2580 1548 2631 aequarent.

218 2654 297 2697 ῙῙῙΟ
329 2652 491 2718 ηαῦτῆς
521 2651 772 2713 ὃμώνυμος“
804 2647 903 2715 quid
933 2648 1208 2715 signifioetur,
1239 2658 1351 2701 haud
1383 2658 1552 2703 difficile
1583 2661 1648 2703 in-

1414 2741 1436 2775 2
